<?xml version="1.0" encoding="UTF-8"?>
<!DOCTYPE html PUBLIC "-//W3C//DTD XHTML 1.0 Transitional//EN"
    "http://www.w3.org/TR/xhtml1/DTD/xhtml1-transitional.dtd">
<html xmlns="http://www.w3.org/1999/xhtml" xml:lang="en" lang="en">
 <head>
  <title>
</title>
<meta http-equiv="Content-Type" content="text/html;charset=utf-8" />
  <meta name='ocr-system' content='tesseract 3.04.00' />
  <meta name='ocr-capabilities' content='ocr_page ocr_carea ocr_par ocr_line ocrx_word'/>
</head>
<body>
  <div class='ocr_page' id='page_1' title='image "a613744800cathuoft_0042.png"; bbox 0 0 2534 4374; ppageno 0'>
   <div class='ocr_carea' id='block_1_1' title="bbox 354 466 1660 525">
    <p class='ocr_par' dir='ltr' id='par_1_1' title="bbox 354 466 1660 525">
     <span class='ocr_line' id='line_1_1' title="bbox 354 466 1660 525; baseline -0.003 -1"><span class='ocrx_word' id='word_1_1' title='bbox 354 466 441 524; x_wconf 81' lang='lat'>24</span> <span class='ocrx_word' id='word_1_2' title='bbox 934 482 1096 524; x_wconf 65' lang='lat' dir='ltr'>cone.</span> <span class='ocrx_word' id='word_1_3' title='bbox 1141 481 1309 525; x_wconf 76' lang='lat' dir='ltr'>Pnov.</span> <span class='ocrx_word' id='word_1_4' title='bbox 1353 479 1574 521; x_wconf 78' lang='lat' dir='ltr'><strong>wEer.</strong></span> <span class='ocrx_word' id='word_1_5' title='bbox 1618 479 1660 520; x_wconf 90' lang='lat'>1.</span> 
     </span>
    </p>
   </div>
   <div class='ocr_carea' id='block_1_2' title="bbox 349 613 2257 2485">
    <p class='ocr_par' dir='ltr' id='par_1_2' title="bbox 353 613 2253 786">
     <span class='ocr_line' id='line_1_2' title="bbox 353 613 2253 699; baseline -0.002 -16"><span class='ocrx_word' id='word_1_6' title='bbox 353 633 616 695; x_wconf 89' lang='lat' dir='ltr'>ecclesiae,</span> <span class='ocrx_word' id='word_1_7' title='bbox 656 633 749 699; x_wconf 88' lang='lat' dir='ltr'>qui</span> <span class='ocrx_word' id='word_1_8' title='bbox 789 647 875 681; x_wconf 90' lang='lat' dir='ltr'>eos</span> <span class='ocrx_word' id='word_1_9' title='bbox 913 613 1026 680; x_wconf 88' lang='lat' dir='ltr'>oleo</span> <span class='ocrx_word' id='word_1_10' title='bbox 1065 630 1289 696; x_wconf 88' lang='lat' dir='ltr'>ungant,</span> <span class='ocrx_word' id='word_1_11' title='bbox 1333 627 1512 693; x_wconf 89' lang='lat' dir='ltr'>sicque</span> <span class='ocrx_word' id='word_1_12' title='bbox 1547 642 1641 692; x_wconf 92' lang='lat' dir='ltr'>pro</span> <span class='ocrx_word' id='word_1_13' title='bbox 1666 629 1901 677; x_wconf 84' lang='lat' dir='ltr'>extremo</span> <span class='ocrx_word' id='word_1_14' title='bbox 1925 643 2094 696; x_wconf 84' lang='lat' dir='ltr'>agone</span> <span class='ocrx_word' id='word_1_15' title='bbox 2117 629 2253 681; x_wconf 82' lang='lat' dir='ltr'>vires</span> 
     </span>
     <span class='ocr_line' id='line_1_3' title="bbox 353 719 1006 786; baseline -0.011 -16"><span class='ocrx_word' id='word_1_16' title='bbox 353 719 639 786; x_wconf 85' lang='lat' dir='ltr'>praebeant</span> <span class='ocrx_word' id='word_1_17' title='bbox 664 722 720 767; x_wconf 92' lang='lat' dir='ltr'>et</span> <span class='ocrx_word' id='word_1_18' title='bbox 744 721 1006 766; x_wconf 85' lang='lat' dir='ltr'>tutamen.</span> 
     </span>
    </p>

    <p class='ocr_par' dir='ltr' id='par_1_3' title="bbox 352 795 2255 1294">
     <span class='ocr_line' id='line_1_4' title="bbox 498 795 2255 868; baseline -0.001 -16"><span class='ocrx_word' id='word_1_19' title='bbox 498 806 546 852; x_wconf 87' lang='lat'>3.</span> <span class='ocrx_word' id='word_1_20' title='bbox 586 803 814 868; x_wconf 82' lang='lat' dir='ltr'>Ideoque</span> <span class='ocrx_word' id='word_1_21' title='bbox 838 798 1039 867; x_wconf 75' lang='lat' dir='ltr'>aegroti</span> <span class='ocrx_word' id='word_1_22' title='bbox 1064 797 1346 848; x_wconf 86' lang='lat' dir='ltr'>familiares</span> <span class='ocrx_word' id='word_1_23' title='bbox 1371 795 1604 846; x_wconf 90' lang='lat' dir='ltr'>studiose</span> <span class='ocrx_word' id='word_1_24' title='bbox 1628 800 1859 859; x_wconf 90' lang='lat' dir='ltr'>moneat,</span> <span class='ocrx_word' id='word_1_25' title='bbox 1875 814 1937 848; x_wconf 92' lang='lat' dir='ltr'>ac</span> <span class='ocrx_word' id='word_1_26' title='bbox 1955 798 2255 866; x_wconf 71' lang='lat' dir='ltr'>frequenter</span> 
     </span>
     <span class='ocr_line' id='line_1_5' title="bbox 354 881 2253 951; baseline -0.002 -12"><span class='ocrx_word' id='word_1_27' title='bbox 354 888 614 951; x_wconf 87' lang='lat' dir='ltr'>fidelibus,</span> <span class='ocrx_word' id='word_1_28' title='bbox 639 887 768 937; x_wconf 92' lang='lat' dir='ltr'>dum</span> <span class='ocrx_word' id='word_1_29' title='bbox 793 886 922 935; x_wconf 90' lang='lat' dir='ltr'>bene</span> <span class='ocrx_word' id='word_1_30' title='bbox 947 883 1144 945; x_wconf 89' lang='lat' dir='ltr'>valent,</span> <span class='ocrx_word' id='word_1_31' title='bbox 1169 882 1422 944; x_wconf 74' lang='lat' dir='ltr'>insinuet,</span> <span class='ocrx_word' id='word_1_32' title='bbox 1459 881 1618 948; x_wconf 91' lang='lat' dir='ltr'>quod,</span> <span class='ocrx_word' id='word_1_33' title='bbox 1656 883 1700 932; x_wconf 91' lang='lat' dir='ltr'>si</span> <span class='ocrx_word' id='word_1_34' title='bbox 1737 882 1934 932; x_wconf 89' lang='lat' dir='ltr'>medici</span> <span class='ocrx_word' id='word_1_35' title='bbox 1970 883 2253 935; x_wconf 72' lang='lat' dir='ltr'>acatholici</span> 
     </span>
     <span class='ocr_line' id='line_1_6' title="bbox 353 966 2254 1040; baseline -0.002 -17"><span class='ocrx_word' id='word_1_36' title='bbox 353 990 450 1040; x_wconf 90' lang='lat' dir='ltr'>ope</span> <span class='ocrx_word' id='word_1_37' title='bbox 474 976 711 1034; x_wconf 90' lang='lat' dir='ltr'>utantur,</span> <span class='ocrx_word' id='word_1_38' title='bbox 727 971 994 1031; x_wconf 73' lang='lat' dir='ltr'>insistant,</span> <span class='ocrx_word' id='word_1_39' title='bbox 1014 985 1076 1018; x_wconf 91' lang='lat' dir='ltr'>ac</span> <span class='ocrx_word' id='word_1_40' title='bbox 1101 966 1461 1034; x_wconf 76' lang='lat' dir='ltr'>frequentibus</span> <span class='ocrx_word' id='word_1_41' title='bbox 1484 967 1986 1035; x_wconf 87' lang='lat' dir='ltr'>interrogationibus</span> <span class='ocrx_word' id='word_1_42' title='bbox 2009 974 2254 1038; x_wconf 84' lang='lat' dir='ltr'>urgeant,</span> 
     </span>
     <span class='ocr_line' id='line_1_7' title="bbox 353 1051 2252 1120; baseline -0.002 -13"><span class='ocrx_word' id='word_1_43' title='bbox 353 1063 416 1108; x_wconf 91' lang='lat' dir='ltr'>ut</span> <span class='ocrx_word' id='word_1_44' title='bbox 441 1058 624 1107; x_wconf 89' lang='lat' dir='ltr'>statim</span> <span class='ocrx_word' id='word_1_45' title='bbox 649 1073 709 1106; x_wconf 90' lang='lat' dir='ltr'>ac</span> <span class='ocrx_word' id='word_1_46' title='bbox 733 1055 943 1106; x_wconf 89' lang='lat' dir='ltr'>morbus</span> <span class='ocrx_word' id='word_1_47' title='bbox 975 1051 1199 1120; x_wconf 91' lang='lat' dir='ltr'>periculi</span> <span class='ocrx_word' id='word_1_48' title='bbox 1236 1052 1464 1118; x_wconf 91' lang='lat' dir='ltr'>speciem</span> <span class='ocrx_word' id='word_1_49' title='bbox 1501 1051 1739 1114; x_wconf 88' lang='lat' dir='ltr'>inducat,</span> <span class='ocrx_word' id='word_1_50' title='bbox 1777 1052 1918 1119; x_wconf 89' lang='lat' dir='ltr'>ipsos</span> <span class='ocrx_word' id='word_1_51' title='bbox 1954 1053 2252 1117; x_wconf 86' lang='lat' dir='ltr'>admoneat,</span> 
     </span>
     <span class='ocr_line' id='line_1_8' title="bbox 353 1136 2253 1209; baseline -0.002 -17"><span class='ocrx_word' id='word_1_52' title='bbox 353 1159 435 1204; x_wconf 87' lang='lat' dir='ltr'>ne,</span> <span class='ocrx_word' id='word_1_53' title='bbox 460 1142 853 1209; x_wconf 89' lang='lat' dir='ltr'>superveniente</span> <span class='ocrx_word' id='word_1_54' title='bbox 877 1139 1152 1206; x_wconf 89' lang='lat' dir='ltr'>repentino</span> <span class='ocrx_word' id='word_1_55' title='bbox 1176 1136 1356 1203; x_wconf 89' lang='lat' dir='ltr'>aliquo</span> <span class='ocrx_word' id='word_1_56' title='bbox 1381 1152 1523 1198; x_wconf 82' lang='lat' dir='ltr'>casn,</span> <span class='ocrx_word' id='word_1_57' title='bbox 1548 1137 1727 1186; x_wconf 89' lang='lat' dir='ltr'>anima</span> <span class='ocrx_word' id='word_1_58' title='bbox 1750 1136 1911 1204; x_wconf 91' lang='lat' dir='ltr'>hujus</span> <span class='ocrx_word' id='word_1_59' title='bbox 1940 1140 2253 1190; x_wconf 83' lang='lat' dir='ltr'>sacramenti</span> 
     </span>
     <span class='ocr_line' id='line_1_9' title="bbox 352 1226 877 1294; baseline -0.006 -17"><span class='ocrx_word' id='word_1_60' title='bbox 352 1226 605 1277; x_wconf 90' lang='lat' dir='ltr'>beneficio</span> <span class='ocrx_word' id='word_1_61' title='bbox 629 1226 877 1294; x_wconf 88' lang='lat' dir='ltr'>privetur.</span> 
     </span>
    </p>

    <p class='ocr_par' dir='ltr' id='par_1_4' title="bbox 349 1306 2255 1635">
     <span class='ocr_line' id='line_1_10' title="bbox 495 1306 2253 1374; baseline -0.001 -13"><span class='ocrx_word' id='word_1_62' title='bbox 495 1314 545 1361; x_wconf 89' lang='lat'>4.</span> <span class='ocrx_word' id='word_1_63' title='bbox 595 1311 678 1361; x_wconf 91' lang='lat' dir='ltr'>Ad</span> <span class='ocrx_word' id='word_1_64' title='bbox 703 1309 998 1360; x_wconf 90' lang='lat' dir='ltr'>custodiam</span> <span class='ocrx_word' id='word_1_65' title='bbox 1022 1307 1124 1358; x_wconf 90' lang='lat' dir='ltr'>olei</span> <span class='ocrx_word' id='word_1_66' title='bbox 1149 1306 1480 1357; x_wconf 90' lang='lat' dir='ltr'>infirmorum</span> <span class='ocrx_word' id='word_1_67' title='bbox 1517 1306 1709 1357; x_wconf 85' lang='lat' dir='ltr'>habeat</span> <span class='ocrx_word' id='word_1_68' title='bbox 1745 1306 1921 1358; x_wconf 90' lang='lat' dir='ltr'>locum</span> <span class='ocrx_word' id='word_1_69' title='bbox 1959 1308 2253 1374; x_wconf 88' lang='lat' dir='ltr'>decentem,</span> 
     </span>
     <span class='ocr_line' id='line_1_11' title="bbox 349 1391 2255 1460; baseline -0.001 -13"><span class='ocrx_word' id='word_1_70' title='bbox 349 1397 499 1447; x_wconf 88' lang='lat' dir='ltr'>clave</span> <span class='ocrx_word' id='word_1_71' title='bbox 529 1396 843 1458; x_wconf 89' lang='lat' dir='ltr'>obseratum,</span> <span class='ocrx_word' id='word_1_72' title='bbox 878 1395 922 1444; x_wconf 89' lang='lat' dir='ltr'>si</span> <span class='ocrx_word' id='word_1_73' title='bbox 955 1394 1068 1444; x_wconf 86' lang='lat' dir='ltr'>fieri</span> <span class='ocrx_word' id='word_1_74' title='bbox 1097 1396 1276 1460; x_wconf 91' lang='lat' dir='ltr'>potest</span> <span class='ocrx_word' id='word_1_75' title='bbox 1307 1393 1365 1441; x_wconf 91' lang='lat' dir='ltr'>in</span> <span class='ocrx_word' id='word_1_76' title='bbox 1401 1391 1633 1454; x_wconf 89' lang='lat' dir='ltr'>ecclesia,</span> <span class='ocrx_word' id='word_1_77' title='bbox 1670 1391 1755 1442; x_wconf 91' lang='lat' dir='ltr'>vel</span> <span class='ocrx_word' id='word_1_78' title='bbox 1780 1393 1838 1441; x_wconf 92' lang='lat' dir='ltr'>in</span> <span class='ocrx_word' id='word_1_79' title='bbox 1864 1395 2083 1444; x_wconf 87' lang='lat' dir='ltr'>sacrario</span> <span class='ocrx_word' id='word_1_80' title='bbox 2105 1414 2118 1446; x_wconf 73' lang='grc' dir='ltr'>ε</span> <span class='ocrx_word' id='word_1_81' title='bbox 2157 1399 2255 1446; x_wconf 90' lang='lat' dir='ltr'>aut</span> 
     </span>
     <span class='ocr_line' id='line_1_12' title="bbox 355 1475 2254 1550; baseline -0.001 -18"><span class='ocrx_word' id='word_1_82' title='bbox 355 1483 535 1544; x_wconf 89' lang='lat' dir='ltr'>etiam,</span> <span class='ocrx_word' id='word_1_83' title='bbox 571 1481 729 1549; x_wconf 86' lang='lat' dir='ltr'>juxta</span> <span class='ocrx_word' id='word_1_84' title='bbox 770 1481 1149 1548; x_wconf 86' lang='lat' dir='ltr'>praescriptum</span> <span class='ocrx_word' id='word_1_85' title='bbox 1190 1477 1250 1526; x_wconf 95' lang='lat' dir='ltr'>in</span> <span class='ocrx_word' id='word_1_86' title='bbox 1289 1475 1524 1550; x_wconf 88' lang='lat' dir='ltr'>Concilio</span> <span class='ocrx_word' id='word_1_87' title='bbox 1556 1493 1701 1544; x_wconf 88' lang='lat' dir='ltr'>prov.</span> <span class='ocrx_word' id='word_1_88' title='bbox 1726 1476 2114 1530; x_wconf 90' lang='lat' dir='ltr'>Mediolanensi</span> <span class='ocrx_word' id='word_1_89' title='bbox 2139 1479 2219 1530; x_wconf 93' lang='lat' dir='ltr'>IV</span> <span class='ocrx_word' id='word_1_90' title='bbox 2221 1517 2254 1544; x_wconf 91' lang='lat'>.,</span> 
     </span>
     <span class='ocr_line' id='line_1_13' title="bbox 352 1561 1543 1635; baseline -0.006 -17"><span class='ocrx_word' id='word_1_91' title='bbox 352 1569 462 1617; x_wconf 85' lang='lat' dir='ltr'>“in</span> <span class='ocrx_word' id='word_1_92' title='bbox 486 1569 602 1635; x_wconf 90' lang='lat' dir='ltr'>ipsa</span> <span class='ocrx_word' id='word_1_93' title='bbox 626 1567 799 1629; x_wconf 92' lang='lat' dir='ltr'>domo,</span> <span class='ocrx_word' id='word_1_94' title='bbox 825 1565 938 1615; x_wconf 90' lang='lat' dir='ltr'>loco</span> <span class='ocrx_word' id='word_1_95' title='bbox 963 1564 1172 1614; x_wconf 90' lang='lat' dir='ltr'>decenti</span> <span class='ocrx_word' id='word_1_96' title='bbox 1197 1579 1258 1612; x_wconf 91' lang='lat' dir='ltr'>ac</span> <span class='ocrx_word' id='word_1_97' title='bbox 1282 1561 1452 1612; x_wconf 86' lang='lat' dir='ltr'>tut0.”</span> <span class='ocrx_word' id='word_1_98' title='bbox 1526 1577 1543 1592; x_wconf 58' lang='lat'>⁸</span> 
     </span>
    </p>

    <p class='ocr_par' dir='ltr' id='par_1_5' title="bbox 352 1646 2255 1873">
     <span class='ocr_line' id='line_1_14' title="bbox 497 1646 2253 1717; baseline -0.002 -15"><span class='ocrx_word' id='word_1_99' title='bbox 497 1652 563 1701; x_wconf 92' lang='lat' dir='ltr'>In</span> <span class='ocrx_word' id='word_1_100' title='bbox 611 1652 760 1701; x_wconf 86' lang='lat' dir='ltr'>novis</span> <span class='ocrx_word' id='word_1_101' title='bbox 809 1650 1039 1700; x_wconf 90' lang='lat' dir='ltr'>ecclesiis</span> <span class='ocrx_word' id='word_1_102' title='bbox 1088 1646 1444 1709; x_wconf 78' lang='lat' dir='ltr'>aedificandiS,</span> <span class='ocrx_word' id='word_1_103' title='bbox 1492 1650 1706 1714; x_wconf 87' lang='lat' dir='ltr'>paretur</span> <span class='ocrx_word' id='word_1_104' title='bbox 1762 1647 2034 1699; x_wconf 87' lang='lat' dir='ltr'>fenestella</span> <span class='ocrx_word' id='word_1_105' title='bbox 2090 1666 2253 1717; x_wconf 87' lang='lat' dir='ltr'>prope</span> 
     </span>
     <span class='ocr_line' id='line_1_15' title="bbox 352 1730 2255 1804; baseline 0 -17"><span class='ocrx_word' id='word_1_106' title='bbox 352 1738 516 1788; x_wconf 87' lang='lat' dir='ltr'>altare</span> <span class='ocrx_word' id='word_1_107' title='bbox 564 1737 755 1804; x_wconf 81' lang='lat' dir='ltr'>majuS‚</span> <span class='ocrx_word' id='word_1_108' title='bbox 803 1737 890 1786; x_wconf 89' lang='lat' dir='ltr'>cui</span> <span class='ocrx_word' id='word_1_109' title='bbox 938 1734 1256 1785; x_wconf 87' lang='lat' dir='ltr'>inscribatur</span> <span class='ocrx_word' id='word_1_110' title='bbox 1306 1730 1504 1785; x_wconf 76' lang='lat' dir='ltr'>Oleum</span> <span class='ocrx_word' id='word_1_111' title='bbox 1550 1730 1934 1800; x_wconf 69' lang='lat' dir='ltr'>infimorum,</span> <span class='ocrx_word' id='word_1_112' title='bbox 1984 1751 2108 1785; x_wconf 92' lang='lat' dir='ltr'>cum</span> <span class='ocrx_word' id='word_1_113' title='bbox 2156 1749 2255 1787; x_wconf 84' lang='lat' dir='ltr'>suo</span> 
     </span>
     <span class='ocr_line' id='line_1_16' title="bbox 352 1822 961 1873; baseline -0.002 -1"><span class='ocrx_word' id='word_1_114' title='bbox 352 1822 541 1873; x_wconf 89' lang='lat' dir='ltr'>ostiolo</span> <span class='ocrx_word' id='word_1_115' title='bbox 566 1823 710 1873; x_wconf 88' lang='lat' dir='ltr'>clave</span> <span class='ocrx_word' id='word_1_116' title='bbox 734 1823 961 1872; x_wconf 80' lang='lat' dir='ltr'>munito,</span> 
     </span>
    </p>

    <p class='ocr_par' dir='ltr' id='par_1_6' title="bbox 354 1905 2257 2485">
     <span class='ocr_line' id='line_1_17' title="bbox 498 1905 2253 1968; baseline -0.001 -9"><span class='ocrx_word' id='word_1_117' title='bbox 498 1910 547 1959; x_wconf 88' lang='lat'>5.</span> <span class='ocrx_word' id='word_1_118' title='bbox 599 1907 845 1958; x_wconf 85' lang='lat' dir='ltr'>Sacerdos</span> <span class='ocrx_word' id='word_1_119' title='bbox 893 1907 960 1957; x_wconf 89' lang='lat' dir='ltr'>ad</span> <span class='ocrx_word' id='word_1_120' title='bbox 1003 1905 1379 1957; x_wconf 90' lang='lat' dir='ltr'>moribundum</span> <span class='ocrx_word' id='word_1_121' title='bbox 1427 1908 1663 1968; x_wconf 75' lang='lat' dir='ltr'>vocatuS,</span> <span class='ocrx_word' id='word_1_122' title='bbox 1712 1905 1757 1955; x_wconf 92' lang='lat' dir='ltr'>si</span> <span class='ocrx_word' id='word_1_123' title='bbox 1804 1906 1850 1956; x_wconf 89' lang='lat' dir='ltr'>is</span> <span class='ocrx_word' id='word_1_124' title='bbox 1899 1909 1934 1936; x_wconf 89' lang='lat'><strong><em>“</em></strong></span> <span class='ocrx_word' id='word_1_125' title='bbox 1951 1906 2035 1957; x_wconf 87' lang='lat' dir='ltr'>vel</span> <span class='ocrx_word' id='word_1_126' title='bbox 2083 1908 2253 1958; x_wconf 88' lang='lat' dir='ltr'>morbi</span> 
     </span>
     <span class='ocr_line' id='line_1_18' title="bbox 355 1990 2256 2059; baseline 0.001 -17"><span class='ocrx_word' id='word_1_127' title='bbox 355 1994 427 2054; x_wconf 87' lang='lat' dir='ltr'>vi,</span> <span class='ocrx_word' id='word_1_128' title='bbox 450 1992 533 2043; x_wconf 86' lang='lat' dir='ltr'>vel</span> <span class='ocrx_word' id='word_1_129' title='bbox 564 1993 839 2059; x_wconf 90' lang='lat' dir='ltr'>repentino</span> <span class='ocrx_word' id='word_1_130' title='bbox 876 1991 1054 2058; x_wconf 89' lang='lat' dir='ltr'>aliquo</span> <span class='ocrx_word' id='word_1_131' title='bbox 1090 2007 1215 2041; x_wconf 88' lang='lat' dir='ltr'>casu</span> <span class='ocrx_word' id='word_1_132' title='bbox 1247 1990 1366 2058; x_wconf 88' lang='lat' dir='ltr'>jam</span> <span class='ocrx_word' id='word_1_133' title='bbox 1403 2006 1613 2040; x_wconf 91' lang='lat' dir='ltr'>sensum</span> <span class='ocrx_word' id='word_1_134' title='bbox 1649 2006 1862 2040; x_wconf 90' lang='lat' dir='ltr'>omnem</span> <span class='ocrx_word' id='word_1_135' title='bbox 1898 1991 2154 2056; x_wconf 87' lang='lat' dir='ltr'>amiserit,</span> <span class='ocrx_word' id='word_1_136' title='bbox 2189 1997 2256 2044; x_wconf 91' lang='lat' dir='ltr'>ut</span> 
     </span>
     <span class='ocr_line' id='line_1_19' title="bbox 354 2076 2254 2144; baseline 0.002 -18"><span class='ocrx_word' id='word_1_137' title='bbox 354 2077 492 2126; x_wconf 88' lang='lat' dir='ltr'>nihil</span> <span class='ocrx_word' id='word_1_138' title='bbox 532 2077 686 2144; x_wconf 90' lang='lat' dir='ltr'>plane</span> <span class='ocrx_word' id='word_1_139' title='bbox 734 2076 1052 2144; x_wconf 88' lang='lat' dir='ltr'>intelligat,”</span> <span class='ocrx_word' id='word_1_140' title='bbox 1094 2077 1193 2128; x_wconf 91' lang='lat' dir='ltr'>hoc</span> <span class='ocrx_word' id='word_1_141' title='bbox 1240 2080 1502 2127; x_wconf 81' lang='lat' dir='ltr'>extremae</span> <span class='ocrx_word' id='word_1_142' title='bbox 1550 2076 1819 2127; x_wconf 89' lang='lat' dir='ltr'>unctionis</span> <span class='ocrx_word' id='word_1_143' title='bbox 1869 2081 2254 2130; x_wconf 85' lang='lat' dir='ltr'>sacramentum</span> 
     </span>
     <span class='ocr_line' id='line_1_20' title="bbox 355 2161 2255 2224; baseline 0.002 -13"><span class='ocrx_word' id='word_1_144' title='bbox 355 2162 649 2212; x_wconf 85' lang='lat' dir='ltr'>ministrare</span> <span class='ocrx_word' id='word_1_145' title='bbox 685 2163 840 2213; x_wconf 91' lang='lat' dir='ltr'>debet</span> <span class='ocrx_word' id='word_1_146' title='bbox 875 2167 910 2193; x_wconf 87' lang='lat'>“</span> <span class='ocrx_word' id='word_1_147' title='bbox 927 2163 971 2213; x_wconf 88' lang='lat' dir='ltr'>si</span> <span class='ocrx_word' id='word_1_148' title='bbox 1007 2162 1164 2212; x_wconf 93' lang='lat' dir='ltr'>modo</span> <span class='ocrx_word' id='word_1_149' title='bbox 1201 2161 1373 2215; x_wconf 91' lang='lat' dir='ltr'>adhuc</span> <span class='ocrx_word' id='word_1_150' title='bbox 1409 2162 1575 2224; x_wconf 88' lang='lat' dir='ltr'>vivat,</span> <span class='ocrx_word' id='word_1_151' title='bbox 1601 2165 1674 2224; x_wconf 89' lang='lat' dir='ltr'>et,</span> <span class='ocrx_word' id='word_1_152' title='bbox 1699 2161 1829 2212; x_wconf 89' lang='lat' dir='ltr'>dum</span> <span class='ocrx_word' id='word_1_153' title='bbox 1854 2178 2010 2213; x_wconf 91' lang='lat' dir='ltr'>usum</span> <span class='ocrx_word' id='word_1_154' title='bbox 2035 2163 2255 2215; x_wconf 85' lang='lat' dir='ltr'>rationis</span> 
     </span>
     <span class='ocr_line' id='line_1_21' title="bbox 355 2245 2255 2316; baseline 0.002 -20"><span class='ocrx_word' id='word_1_155' title='bbox 355 2246 587 2310; x_wconf 88' lang='lat' dir='ltr'>haberet,</span> <span class='ocrx_word' id='word_1_156' title='bbox 634 2247 714 2314; x_wconf 89' lang='lat' dir='ltr'>pii</span> <span class='ocrx_word' id='word_1_157' title='bbox 774 2248 940 2297; x_wconf 89' lang='lat' dir='ltr'>animi</span> <span class='ocrx_word' id='word_1_158' title='bbox 1002 2247 1447 2315; x_wconf 83' lang='lat' dir='ltr'>significationem</span> <span class='ocrx_word' id='word_1_159' title='bbox 1494 2245 1717 2310; x_wconf 90' lang='lat' dir='ltr'>dederit,</span> <span class='ocrx_word' id='word_1_160' title='bbox 1758 2250 1823 2296; x_wconf 89' lang='lat' dir='ltr'>ut</span> <span class='ocrx_word' id='word_1_161' title='bbox 1861 2248 1987 2299; x_wconf 90' lang='lat' dir='ltr'>inde</span> <span class='ocrx_word' id='word_1_162' title='bbox 2021 2248 2255 2316; x_wconf 88' lang='lat' dir='ltr'>judicari</span> 
     </span>
     <span class='ocr_line' id='line_1_22' title="bbox 356 2331 2257 2404; baseline 0.003 -23"><span class='ocrx_word' id='word_1_163' title='bbox 356 2333 537 2398; x_wconf 89' lang='lat' dir='ltr'>possit,</span> <span class='ocrx_word' id='word_1_164' title='bbox 587 2348 706 2382; x_wconf 92' lang='lat' dir='ltr'>eum</span> <span class='ocrx_word' id='word_1_165' title='bbox 756 2332 855 2383; x_wconf 92' lang='lat' dir='ltr'>hoc</span> <span class='ocrx_word' id='word_1_166' title='bbox 903 2336 1288 2386; x_wconf 89' lang='lat' dir='ltr'>sacramentum</span> <span class='ocrx_word' id='word_1_167' title='bbox 1335 2331 1651 2400; x_wconf 89' lang='lat' dir='ltr'>petiturum,</span> <span class='ocrx_word' id='word_1_168' title='bbox 1701 2331 1746 2382; x_wconf 84' lang='lat' dir='ltr'>si</span> <span class='ocrx_word' id='word_1_169' title='bbox 1794 2331 1968 2383; x_wconf 89' lang='lat' dir='ltr'>adhuc</span> <span class='ocrx_word' id='word_1_170' title='bbox 2013 2333 2257 2404; x_wconf 80' lang='lat' dir='ltr'>integrae</span> 
     </span>
     <span class='ocr_line' id='line_1_23' title="bbox 357 2412 847 2485; baseline 0 -21"><span class='ocrx_word' id='word_1_171' title='bbox 357 2415 551 2464; x_wconf 88' lang='lat' dir='ltr'>mentis</span> <span class='ocrx_word' id='word_1_172' title='bbox 575 2413 756 2465; x_wconf 88' lang='lat' dir='ltr'>esset.”</span> <span class='ocrx_word' id='word_1_173' title='bbox 776 2412 847 2485; x_wconf 87' lang='lat'>(¹)</span> 
     </span>
    </p>
   </div>
   <div class='ocr_carea' id='block_1_3' title="bbox 914 2579 1697 2761">
    <p class='ocr_par' dir='ltr' id='par_1_7' title="bbox 914 2579 1697 2761">
     <span class='ocr_line' id='line_1_24' title="bbox 998 2579 1617 2634; baseline 0.005 -4"><span class='ocrx_word' id='word_1_174' title='bbox 998 2579 1400 2632; x_wconf 87' lang='lat' dir='ltr'>DECRETUM</span> <span class='ocrx_word' id='word_1_175' title='bbox 1461 2581 1617 2634; x_wconf 91' lang='lat' dir='ltr'><strong>XXI.</strong></span> 
     </span>
     <span class='ocr_line' id='line_1_25' title="bbox 914 2705 1697 2761; baseline 0.006 -5"><span class='ocrx_word' id='word_1_176' title='bbox 914 2705 996 2757; x_wconf 80' lang='lat' dir='ltr'>Dc</span> <span class='ocrx_word' id='word_1_177' title='bbox 1038 2705 1394 2759; x_wconf 74' lang='lat' dir='ltr'>Sacramento</span> <span class='ocrx_word' id='word_1_178' title='bbox 1445 2705 1697 2761; x_wconf 72' lang='lat' dir='ltr'>Ordinis-</span> 
     </span>
    </p>
   </div>
   <div class='ocr_carea' id='block_1_4' title="bbox 356 2831 2254 3749">
    <p class='ocr_par' dir='ltr' id='par_1_8' title="bbox 356 2831 2252 3071">
     <span class='ocr_line' id='line_1_26' title="bbox 500 2831 2252 2902; baseline 0.002 -18"><span class='ocrx_word' id='word_1_179' title='bbox 500 2832 783 2884; x_wconf 83' lang='lat' dir='ltr'>Pastorah&#39;s</span> <span class='ocrx_word' id='word_1_180' title='bbox 807 2831 1179 2883; x_wconf 85' lang='lat' dir='ltr'>sollicitudinis</span> <span class='ocrx_word' id='word_1_181' title='bbox 1202 2835 1486 2902; x_wconf 88' lang='lat' dir='ltr'>praecipua</span> <span class='ocrx_word' id='word_1_182' title='bbox 1508 2852 1627 2902; x_wconf 91' lang='lat' dir='ltr'>pars</span> <span class='ocrx_word' id='word_1_183' title='bbox 1651 2839 1751 2899; x_wconf 89' lang='lat' dir='ltr'>est,</span> <span class='ocrx_word' id='word_1_184' title='bbox 1767 2837 2036 2887; x_wconf 87' lang='lat' dir='ltr'>ministros</span> <span class='ocrx_word' id='word_1_185' title='bbox 2057 2835 2252 2887; x_wconf 89' lang='lat' dir='ltr'>Christi</span> 
     </span>
     <span class='ocr_line' id='line_1_27' title="bbox 356 2917 2251 2985; baseline 0.002 -17"><span class='ocrx_word' id='word_1_186' title='bbox 356 2922 418 2969; x_wconf 83' lang='lat' dir='ltr'>et</span> <span class='ocrx_word' id='word_1_187' title='bbox 440 2917 817 2983; x_wconf 88' lang='lat' dir='ltr'>dispensatores</span> <span class='ocrx_word' id='word_1_188' title='bbox 841 2918 1208 2984; x_wconf 83' lang='lat' dir='ltr'>mysteriorum</span> <span class='ocrx_word' id='word_1_189' title='bbox 1233 2918 1351 2982; x_wconf 90' lang='lat' dir='ltr'>Dei,</span> <span class='ocrx_word' id='word_1_190' title='bbox 1374 2924 1558 2983; x_wconf 78' lang='lat' dir='ltr'>rect08,</span> <span class='ocrx_word' id='word_1_191' title='bbox 1583 2920 1780 2985; x_wconf 87' lang='lat' dir='ltr'>fideles,</span> <span class='ocrx_word' id='word_1_192' title='bbox 1806 2922 1951 2972; x_wconf 90' lang='lat' dir='ltr'>omni</span> <span class='ocrx_word' id='word_1_193' title='bbox 1989 2923 2251 2972; x_wconf 87' lang='lat' dir='ltr'>virtutum</span> 
     </span>
     <span class='ocr_line' id='line_1_28' title="bbox 356 3002 1968 3071; baseline 0.002 -18"><span class='ocrx_word' id='word_1_194' title='bbox 356 3019 548 3071; x_wconf 87' lang='lat' dir='ltr'>genere</span> <span class='ocrx_word' id='word_1_195' title='bbox 571 3005 893 3068; x_wconf 87' lang='lat' dir='ltr'>praestantes</span> <span class='ocrx_word' id='word_1_196' title='bbox 919 3002 1205 3066; x_wconf 89' lang='lat' dir='ltr'>efformare,</span> <span class='ocrx_word' id='word_1_197' title='bbox 1229 3008 1285 3054; x_wconf 92' lang='lat' dir='ltr'>et</span> <span class='ocrx_word' id='word_1_198' title='bbox 1307 3005 1367 3054; x_wconf 92' lang='lat' dir='ltr'>in</span> <span class='ocrx_word' id='word_1_199' title='bbox 1392 3005 1608 3055; x_wconf 86' lang='lat' dir='ltr'>ecclesia</span> <span class='ocrx_word' id='word_1_200' title='bbox 1632 3006 1968 3058; x_wconf 91' lang='lat' dir='ltr'>constituere.</span> 
     </span>
    </p>

    <p class='ocr_par' dir='ltr' id='par_1_9' title="bbox 361 3085 2254 3238">
     <span class='ocr_line' id='line_1_29' title="bbox 501 3085 2254 3159; baseline 0.004 -24"><span class='ocrx_word' id='word_1_201' title='bbox 501 3085 580 3136; x_wconf 90' lang='lat' dir='ltr'>De</span> <span class='ocrx_word' id='word_1_202' title='bbox 596 3085 898 3136; x_wconf 89' lang='lat' dir='ltr'>clericorum</span> <span class='ocrx_word' id='word_1_203' title='bbox 915 3087 1082 3153; x_wconf 88' lang='lat' dir='ltr'>igitur</span> <span class='ocrx_word' id='word_1_204' title='bbox 1098 3088 1430 3153; x_wconf 88' lang='lat' dir='ltr'>promotione</span> <span class='ocrx_word' id='word_1_205' title='bbox 1448 3093 1504 3139; x_wconf 93' lang='lat' dir='ltr'>et</span> <span class='ocrx_word' id='word_1_206' title='bbox 1520 3089 1865 3154; x_wconf 88' lang='lat' dir='ltr'>ordinatione,</span> <span class='ocrx_word' id='word_1_207' title='bbox 1875 3106 2008 3158; x_wconf 90' lang='lat' dir='ltr'>quae</span> <span class='ocrx_word' id='word_1_208' title='bbox 2027 3107 2254 3159; x_wconf 87' lang='lat' dir='ltr'>sequun-</span> 
     </span>
     <span class='ocr_line' id='line_1_30' title="bbox 361 3169 1320 3238; baseline 0.002 -17"><span class='ocrx_word' id='word_1_209' title='bbox 361 3175 451 3221; x_wconf 88' lang='lat' dir='ltr'>tur</span> <span class='ocrx_word' id='word_1_210' title='bbox 475 3169 653 3221; x_wconf 89' lang='lat' dir='ltr'>sedulo</span> <span class='ocrx_word' id='word_1_211' title='bbox 678 3170 932 3220; x_wconf 88' lang='lat' dir='ltr'>observari</span> <span class='ocrx_word' id='word_1_212' title='bbox 955 3172 1320 3238; x_wconf 75' lang='lat' dir='ltr'>praecipimus</span> 
     </span>
    </p>

    <p class='ocr_par' dir='ltr' id='par_1_10' title="bbox 359 3253 2253 3658">
     <span class='ocr_line' id='line_1_31' title="bbox 509 3253 2253 3328; baseline 0.005 -25"><span class='ocrx_word' id='word_1_213' title='bbox 509 3257 554 3304; x_wconf 93' lang='lat'>1.</span> <span class='ocrx_word' id='word_1_214' title='bbox 605 3253 855 3320; x_wconf 89' lang='lat' dir='ltr'>Episcopi</span> <span class='ocrx_word' id='word_1_215' title='bbox 903 3254 1254 3306; x_wconf 88' lang='lat' dir='ltr'>ordinationes</span> <span class='ocrx_word' id='word_1_216' title='bbox 1302 3260 1538 3320; x_wconf 89' lang='lat' dir='ltr'>teneant,</span> <span class='ocrx_word' id='word_1_217' title='bbox 1586 3262 1849 3326; x_wconf 91' lang='lat' dir='ltr'>quantum</span> <span class='ocrx_word' id='word_1_218' title='bbox 1897 3259 2011 3310; x_wconf 92' lang='lat' dir='ltr'>fieri</span> <span class='ocrx_word' id='word_1_219' title='bbox 2058 3265 2253 3328; x_wconf 88' lang='lat' dir='ltr'>potest,</span> 
     </span>
     <span class='ocr_line' id='line_1_32' title="bbox 359 3337 2253 3408; baseline 0.004 -19"><span class='ocrx_word' id='word_1_220' title='bbox 359 3338 685 3404; x_wconf 88' lang='lat' dir='ltr'>temporibus</span> <span class='ocrx_word' id='word_1_221' title='bbox 709 3353 742 3386; x_wconf 88' lang='lat' dir='ltr'>a</span> <span class='ocrx_word' id='word_1_222' title='bbox 757 3337 878 3404; x_wconf 91' lang='lat' dir='ltr'>jure</span> <span class='ocrx_word' id='word_1_223' title='bbox 902 3339 1136 3402; x_wconf 82' lang='lat' dir='ltr'>statutiS,</span> <span class='ocrx_word' id='word_1_224' title='bbox 1160 3339 1245 3389; x_wconf 89' lang='lat' dir='ltr'>vel</span> <span class='ocrx_word' id='word_1_225' title='bbox 1268 3341 1327 3390; x_wconf 93' lang='lat' dir='ltr'>in</span> <span class='ocrx_word' id='word_1_226' title='bbox 1351 3341 1583 3392; x_wconf 89' lang='lat' dir='ltr'>ecclesiis</span> <span class='ocrx_word' id='word_1_227' title='bbox 1608 3343 1716 3393; x_wconf 91' lang='lat' dir='ltr'>suis</span> <span class='ocrx_word' id='word_1_228' title='bbox 1740 3343 2143 3408; x_wconf 80' lang='lat' dir='ltr'>cathedralibuS,</span> <span class='ocrx_word' id='word_1_229' title='bbox 2167 3346 2253 3397; x_wconf 85' lang='lat' dir='ltr'>vel</span> 
     </span>
     <span class='ocr_line' id='line_1_33' title="bbox 361 3421 2252 3481; baseline 0.005 -8"><span class='ocrx_word' id='word_1_230' title='bbox 361 3424 419 3473; x_wconf 93' lang='lat' dir='ltr'>in</span> <span class='ocrx_word' id='word_1_231' title='bbox 461 3421 691 3472; x_wconf 90' lang='lat' dir='ltr'>ecclesiis</span> <span class='ocrx_word' id='word_1_232' title='bbox 734 3438 825 3471; x_wconf 88' lang='lat' dir='ltr'>seu</span> <span class='ocrx_word' id='word_1_233' title='bbox 866 3421 1067 3472; x_wconf 86' lang='lat' dir='ltr'>sacellis</span> <span class='ocrx_word' id='word_1_234' title='bbox 1103 3425 1515 3475; x_wconf 89' lang='lat' dir='ltr'>seminariorum.</span> <span class='ocrx_word' id='word_1_235' title='bbox 1597 3425 1761 3477; x_wconf 91' lang='lat' dir='ltr'>Fiant</span> <span class='ocrx_word' id='word_1_236' title='bbox 1796 3432 1976 3479; x_wconf 84' lang='lat' dir='ltr'>autem</span> <span class='ocrx_word' id='word_1_237' title='bbox 2018 3431 2252 3481; x_wconf 80' lang='lat' dir='ltr'>maxima</span> 
     </span>
     <span class='ocr_line' id='line_1_34' title="bbox 362 3507 2250 3579; baseline 0.005 -21"><span class='ocrx_word' id='word_1_238' title='bbox 362 3525 484 3558; x_wconf 92' lang='lat' dir='ltr'>cum</span> <span class='ocrx_word' id='word_1_239' title='bbox 526 3507 877 3569; x_wconf 87' lang='lat' dir='ltr'>solemnitate,</span> <span class='ocrx_word' id='word_1_240' title='bbox 918 3507 1173 3558; x_wconf 87' lang='lat' dir='ltr'>adhibitis</span> <span class='ocrx_word' id='word_1_241' title='bbox 1216 3509 1459 3560; x_wconf 91' lang='lat' dir='ltr'>omnibus</span> <span class='ocrx_word' id='word_1_242' title='bbox 1496 3510 1687 3562; x_wconf 88' lang='lat' dir='ltr'>ritibus</span> <span class='ocrx_word' id='word_1_243' title='bbox 1729 3513 1823 3579; x_wconf 93' lang='lat' dir='ltr'>qui</span> <span class='ocrx_word' id='word_1_244' title='bbox 1859 3513 1918 3564; x_wconf 91' lang='lat' dir='ltr'>in</span> <span class='ocrx_word' id='word_1_245' title='bbox 1942 3514 2250 3567; x_wconf 88' lang='lat' dir='ltr'>Pontificali</span> 
     </span>
     <span class='ocr_line' id='line_1_35' title="bbox 361 3591 1058 3658; baseline 0 -16"><span class='ocrx_word' id='word_1_246' title='bbox 361 3591 599 3642; x_wconf 88' lang='lat' dir='ltr'>Romano</span> <span class='ocrx_word' id='word_1_247' title='bbox 623 3591 1058 3658; x_wconf 90' lang='lat' dir='ltr'>praescribuntur.</span> 
     </span>
    </p>

    <p class='ocr_par' dir='ltr' id='par_1_11' title="bbox 506 3671 2251 3749">
     <span class='ocr_line' id='line_1_36' title="bbox 506 3671 2251 3749; baseline 0.007 -27"><span class='ocrx_word' id='word_1_248' title='bbox 506 3675 555 3724; x_wconf 90' lang='grc'>2.</span> <span class='ocrx_word' id='word_1_249' title='bbox 596 3671 728 3723; x_wconf 86' lang='lat' dir='ltr'>Cum</span> <span class='ocrx_word' id='word_1_250' title='bbox 766 3690 886 3723; x_wconf 89' lang='lat' dir='ltr'>vero</span> <span class='ocrx_word' id='word_1_251' title='bbox 909 3673 1050 3723; x_wconf 90' lang='lat' dir='ltr'>inter</span> <span class='ocrx_word' id='word_1_252' title='bbox 1081 3674 1395 3726; x_wconf 89' lang='lat' dir='ltr'>ordinandos</span> <span class='ocrx_word' id='word_1_253' title='bbox 1437 3692 1589 3744; x_wconf 88' lang='lat' dir='ltr'>saepe</span> <span class='ocrx_word' id='word_1_254' title='bbox 1637 3677 1992 3744; x_wconf 85' lang='lat' dir='ltr'>inveniantur,</span> <span class='ocrx_word' id='word_1_255' title='bbox 2040 3683 2135 3749; x_wconf 86' lang='lat' dir='ltr'>qui</span> <span class='ocrx_word' id='word_1_256' title='bbox 2182 3682 2251 3734; x_wconf 90' lang='lat' dir='ltr'>ab</span> 
     </span>
    </p>
   </div>
   <div class='ocr_carea' id='block_1_5' title="bbox 507 3824 1223 3877">
    <p class='ocr_par' dir='ltr' id='par_1_12' title="bbox 507 3824 1223 3877">
     <span class='ocr_line' id='line_1_37' title="bbox 507 3824 1223 3877; baseline 0.004 -13"><span class='ocrx_word' id='word_1_257' title='bbox 507 3824 564 3877; x_wconf 85' lang='lat'>(1)</span> <span class='ocrx_word' id='word_1_258' title='bbox 608 3826 749 3865; x_wconf 77' lang='lat' dir='ltr'>G&#39;oncil-</span> <span class='ocrx_word' id='word_1_259' title='bbox 767 3826 980 3865; x_wconf 76' lang='lat' dir='ltr'>Mediolan.</span> <span class='ocrx_word' id='word_1_260' title='bbox 996 3838 1110 3875; x_wconf 80' lang='lat' dir='ltr'>prov.</span> <span class='ocrx_word' id='word_1_261' title='bbox 1132 3825 1223 3867; x_wconf 87' lang='lat'>111.</span> 
     </span>
    </p>
   </div>
  </div>
 </body>
</html>
