2534 4374
988 482 1233 526 APPEND.
1276 484 1367 528 xx.
2029 477 2104 539 71

212 622 451 686 Patritii,
483 624 724 688 confessi,
758 629 815 677 et
850 625 905 678 S.
942 626 1138 696 Synaxi
1174 630 1374 694 refecti,
1403 632 1517 699 pias
1543 632 1610 683 ad
1637 632 1807 684 Deum
1836 650 2006 701 preces
2033 635 2103 684 fu·

211 708 467 845 {eripitziin
485 708 666 777 aliqua
683 710 910 780 Angliae
926 712 1143 765 ecclesia
1158 714 1241 766 vel
1257 716 1462 781 sacello,
1468 718 1628 786 juxta
1646 724 1877 770 mentem
1904 719 2106 771 Summi

261 808 330 845 on
417 810 509 844 c1S.

356 878 439 928 Ex
463 878 736 931 audientia
761 878 1092 934 sanctissimi
1117 883 1301 936 habita
1324 887 1411 940 die
1441 890 1505 939 13
1532 888 1735 952 Martii,
1767 891 1918 940 1853.

355 963 729 1018 Sanctissimus
754 966 1013 1020 Dominus
1046 969 1235 1022 Noster
1260 971 1390 1023 Pius
1424 972 1605 1024 divina
1641 974 1972 1041 providentia
2006 974 2096 1025 PP

213 1050 315 1115 IX,
338 1051 607 1119 proposita
630 1068 724 1120 per
747 1053 1141 1123 infrascriptum
1167 1058 1500 1109 secretarium
1526 1058 1579 1110 S.
1607 1057 1665 1111 C.
1685 1059 1749 1110 de
1769 1059 2108 1129 Propaganda

213 1135 348 1188 Fide
408 1136 661 1189 relatione
710 1139 961 1208 descripti
1010 1141 1263 1209 supplicis
1312 1142 1481 1194 libelli
1517 1159 1613 1195 nec
1661 1160 1767 1196 non
1811 1145 2108 1197 favorabilis

215 1222 326 1272 voti
351 1220 405 1274 S.
426 1220 879 1292 CongregationiS,
903 1224 1129 1294 benigne
1154 1226 1210 1277 in
1231 1227 1475 1278 omnibus
1510 1229 1703 1280 annuit
1731 1229 1891 1297 juxta
1927 1230 2108 1298 petita.

212 1307 487 1359 contrariis
511 1308 933 1377 quibuscumque
957 1309 1099 1361 haud
1122 1311 1471 1364 obstantibus.

355 1390 479 1443 Dat.
504 1407 568 1442 ex
605 1391 736 1443 Aed.
762 1392 892 1443 dict.
928 1391 981 1443 S.
1021 1390 1454 1463 congregationis
1488 1395 1554 1447 de
1593 1395 1937 1466 Propaganda
1962 1397 2109 1461 Fide,
2179 1418 2183 1423 ·

212 1477 302 1529 die
331 1477 396 1530 16
414 1476 572 1541 Maii,
602 1479 756 1529 1853.

466 1561 647 1614 Gratis
672 1563 785 1614 sine
808 1562 920 1615 ulla
944 1564 1161 1615 omnino
1185 1563 1449 1616 solutione
1473 1564 1661 1632 quovis
1685 1566 1865 1618 titulo.

393 1719 440 1771 L
494 1719 547 1772 ,Β
583 1718 621 1772 S
1245 1648 1331 1700 Al.
1370 1649 1653 1715 BARNABo,
1677 1666 1714 1702 a
1736 1648 1965 1703 secretis.

1109 1918 1235 1970 XX.

729 2052 827 2105 DE
875 2051 1104 2105 FESTO
1155 2052 1209 2104 S.
1259 2050 1605 2115 PATRITII,

519 2181 623 2221 sun
656 2180 791 2220 ΒΓΗ]
826 2179 1053 2219 Durum
1090 2178 1152 2217 m
1186 2177 1398 2217 ANGLIA
1433 2178 1806 2219 mmmm.

217 2304 529 2356 Beatissime
548 2302 725 2364 Pater,

361 2396 495 2448 Cum
518 2397 705 2464 ingens
729 2394 800 2445 sit
823 2393 1021 2460 ubique
1045 2396 1301 2443 terrarum
1324 2392 1494 2462 gloria
1517 2393 1767 2461 praeclari
1793 2393 2041 2462 Episcopi
2059 2399 2110 2445 et

217 2481 531 2536 confessoris
551 2479 605 2531 S.
621 2479 838 2530 Patritii
853 2479 1140 2530 Hiberniae
1158 2478 1418 2546 Apostoli,
1433 2478 1752 2547 plurimique
1771 2479 2109 2530 inveniantur

215 2567 441 2619 Hiberni
458 2567 516 2616 in
534 2564 780 2615 omnibus
797 2563 900 2614 fere
915 2562 1139 2632 Angliae
1158 2562 2112 2632 congregationibu8‚Archiepiscopus

214 2650 784 2705 Westmonasteriensis
807 2652 864 2700 et
887 2647 1138 2716 Episcopi
1171 2648 1413 2717 Angliae,
1436 2650 1495 2698 in
1534 2648 1769 2700 Concilio
1804 2650 2109 2717 provinciali

215 2737 538 2806 congregati,
561 2734 861 2786 humillime
885 2732 1159 2800 postulant
1182 2736 1246 2782 ut
1270 2732 1324 2783 S.
1362 2732 1427 2783 V.
1461 2733 1690 2802 benigne
1725 2734 1975 2802 dignetur
2012 2734 2110 2784 fes-

217 2829 336 2874 tum
359 2821 593 2890 ejusdem
617 2820 685 2870 ad
708 2820 874 2869 ritum
899 2817 1127 2885 duplicis
1152 2818 1364 2886 majoris
1388 2834 1482 2885 pro
1502 2818 1698 2887 Anglia
1725 2819 1940 2870 elevare.

359 2907 443 2958 Ex
466 2905 740 2957 audientia
766 2904 1096 2956 sanctissimi
1121 2902 1305 2954 habita
1329 2902 1415 2954 die
1445 2905 1510 2953 13
1530 2902 1736 2964 Martii,
1767 2906 1919 2954 1853.

361 2991 733 3043 Sanctissimus
767 2989 1028 3042 Dominus
1062 2989 1256 3040 Noster
1291 2986 1421 3040 Pius
1457 2989 1566 3040 djv.
1602 2989 1804 3056 provid.
1844 2988 1952 3039 ΡΡ.
1989 2989 2106 3050 ΙΧ.,

215 3077 468 3130 referente
492 3093 579 3127 me
602 3076 934 3144 infrascripto
959 3074 1013 3126 8.
1040 3072 1472 3144 Congregationis
1497 3075 1561 3125 de
1598 3074 1940 3143 Propaganda
1977 3074 2109 3124 Fide

217 3162 486 3215 secretario
530 3161 816 3229 descriptas
841 3177 1034 3228 prece8‚
1064 3177 1162 3211 nec
1199 3176 1305 3210 non
1343 3163 1527 3210 votum
1555 3159 2104 3209 Eminentissimorum

217 3248 326 3299 ΡΡ.
366 3246 420 3298 8.
455 3246 690 3310 eiusdem
728 3245 1175 3316 congreg-aticum,
1211 3245 1438 3314 benigne
1479 3244 1670 3295 annuit
1702 3244 1862 3311 juxta
1911 3245 2104 3310 petita:

217 3333 489 3386 contrariis
512 3332 931 3400 quibuscumque
955 3330 1097 3382 haud
1122 3331 1466 3382 obstantibus.

357 3418 482 3469 Dat.
509 3434 573 3468 ex
595 3417 725 3468 Aed.
751 3417 926 3468 dictae
951 3415 1004 3468 8.
1032 3414 1089 3467 C.
1115 3416 1181 3466 de
1206 3414 1549 3483 Propaganda
1574 3412 1724 3475 Fide,
1743 3413 1830 3464 die
1862 3416 1925 3463 14
1950 3413 2103 3475 Maii,

222 3506 542 3641 1853.-(hatis
566 3587 758 3655 absque
782 3585 891 3637 ulla
915 3585 1130 3636 omnino
1155 3584 1413 3636 solutione
1437 3599 1766 3651 quocumque
1792 3582 1969 3634 titulo.

1267 3686 1334 3737 Al
1361 3685 1640 3749 BARNABo,
1665 3703 1703 3738 a
1726 3684 1956 3738 secretis.

361 3764 424 3815 L.
449 3762 501 3813 ›1‹
527 3762 580 3815 S.

2136 3640 2151 3696 i
