2534 4374
629 453 879 496 00118111.
928 439 961 469 “
984 454 1256 497 ROMANos
1302 437 1684 498 PoNT1F1cEs.''
1981 438 2106 499 355

208 598 242 625 “
258 593 539 661 disciplina
588 592 934 643 interdictum
984 608 1093 642 esse
1142 593 1465 660 regularibus
1521 594 1883 661 parochiarum
1938 612 2115 644 curam

208 678 530 729 “adsumere
564 675 677 726 sine
710 674 1102 743 dispensatione
1137 676 1485 743 Apostolica.’'
1560 677 1703 728 Hinc
1739 695 1941 728 sacrum
1985 677 2117 730 Con-

210 763 390 813 silium
446 759 771 811 Tridentinis
821 760 1041 810 decretis
1091 761 1524 828 interpretandis¹
1586 764 1652 813 ad
1716 763 1938 813 dubium
2000 769 2032 793 “
2050 781 2116 814 an

208 846 599 898 “annuendum
650 846 722 896 sit
769 845 1010 912 precibus
1054 845 1273 897 Patrum
1320 847 1830 915 Augustinianorum
1874 849 1939 899 de
1984 867 2116 899 nova

209 932 499 999 “paroecia
534 931 724 982 iisdem
761 930 1094 980 concedenda
1110 930 1136 952 ”
1167 932 1749 999 rescripsit—negative
1783 938 1838 983 et
1871 933 2116 1000 amplius.

208 1015 378 1068 -Sin
403 1019 602 1077 autem,
628 1014 767 1081 quod
794 1014 1021 1064 secundo
1046 1013 1160 1064 loco
1186 1017 1473 1082 posuimuS,
1500 1033 1642 1067 mera
1667 1018 1847 1067 missio
1881 1018 2119 1086 erigitur,

210 1103 293 1154 ius
317 1106 459 1153 certe
491 1117 597 1152 non
631 1100 780 1151 obest
812 1099 1073 1167 religiosis
1099 1100 1224 1150 viris
1257 1116 1324 1150 ne
1357 1101 1495 1150 inter
1532 1119 1617 1152 eos
1653 1102 1882 1171 eligatur
1919 1108 2115 1162 rector3

209 1191 294 1239 ast
322 1204 390 1238 ne
423 1187 497 1238 iis
521 1186 738 1253 quidem
762 1185 1009 1253 praeferri
1035 1185 1345 1252 optantibus
1371 1185 1704 1255 suffragatur.
1780 1188 1911 1238 Rem
1938 1189 2120 1255 itaque

210 1274 473 1342 integram
518 1276 574 1323 et
621 1272 680 1322 in
723 1288 817 1321 sua
860 1274 1127 1337 potestate
1176 1272 1406 1338 positam
1456 1272 1763 1339 aggrediens
1814 1273 2121 1340 EpiscopuS,

211 1358 458 1409 libertate
483 1374 578 1408 sua
602 1360 785 1408 utatur
809 1359 1050 1423 oportet3
1088 1356 1181 1406 ubi
1206 1357 1348 1406 enim
1374 1356 1497 1423 jura
1531 1356 1705 1417 silent,
1732 1357 1844 1407 loco
1879 1357 2009 1425 legis
2043 1363 2123 1407 est

213 1443 475 1495 Praesulis
518 1443 835 1502 auetoritas3
887 1442 1194 1508 praesertim
1240 1459 1359 1491 vero
1404 1443 1561 1508 quod,
1596 1450 1659 1492 ut
1702 1444 1976 1494 doctorum
2022 1444 2124 1493 fert

211 1529 483 1599 adagium,
516 1527 811 1595 Episcopus
843 1524 1216 1578 intentionem
1253 1524 1407 1578 habet
1444 1526 1512 1577 i‘n
1541 1527 1674 1594 jure
1706 1526 2024 1595 fundatam
2068 1529 2124 1578 in

212 1614 364 1666 rebus
432 1612 696 1675 omnibus,
758 1629 892 1678 quae
953 1612 1021 1662 ad
1082 1612 1363 1662 dioecesim
1437 1629 1585 1662 suam
1654 1614 2125 1664 administrandam

213 1701 466 1752 attinent.
565 1698 916 1759 Quamobrem
965 1697 1222 1765 praelatio
1271 1698 1445 1765 quoad
1492 1716 1683 1749 novam
1732 1700 2052 1761 missionem,
2095 1717 2127 1749 a

215 1785 564 1854 Regularibus
603 1784 859 1851 expetita,
893 1788 990 1834 aut
1032 1783 1180 1834 nullo
1214 1784 1354 1851 juris
1394 1784 1625 1835 subsidio
1665 1786 1901 1847 fulcitur,
1936 1793 2030 1835 aut
2069 1787 2127 1836 in

215 1872 465 1922 disertam
482 1870 621 1937 juris
647 1869 1050 1936 dispositionem
1077 1869 1318 1920 offendit.

361 1992 611 2044 Officium
636 1991 925 2042 curationis
962 1992 1262 2042 animarum
1298 1990 1575 2042 sedulitati
1610 1991 1955 2060 Regularium
1985 2008 2128 2042 com-

216 2080 439 2130 missum
477 2076 609 2127 alias
644 2078 809 2127 etiam
847 2077 1211 2127 dubitationes
1254 2077 1464 2145 gignit3
1500 2093 1693 2144 eaeque
1730 2077 1844 2127 loca
1887 2082 2129 2144 spectant

217 2166 411 2217 finibus
436 2162 809 2231 comprehensa
833 2163 1147 2214 missionum
1172 2178 1308 2229 quae
1342 2163 1410 2212 ab
1442 2162 1570 2229 ipsis
1594 2167 1865 2231 reguntur.
1941 2161 2127 2230 Coepit

214 2252 362 2302 enim
391 2250 595 2318 ambigi
633 2252 817 2299 utrum
851 2248 1165 2298 coemeteria
1202 2252 1258 2298 et
1291 2248 1382 2314 pia
1420 2247 1553 2309 loca,
1577 2248 1718 2297 intra
1750 2248 1879 2298 fines
1917 2248 2127 2299 illarum

219 2339 342 2400 sita,
385 2336 676 2404 Episcopus
719 2334 931 2384 visitare
974 2333 1158 2400 possit.
1250 2332 1348 2382 Ast
1390 2331 1449 2381 in
1492 2333 1815 2382 coemeteriis
1856 2332 2026 2383 facilis
2067 2349 2127 2383 ac

220 2439 384 2491 prona
444 2419 687 2488 suppetit
734 2418 1098 2469 distinctionis
1146 2418 1379 2485 adeoque
1428 2416 1691 2469 finiendae
1752 2420 2128 2469 controversiae

221 2510 373 2559 ratio,
434 2505 577 2557 Nam
603 2504 649 2555 si
673 2503 740 2554 de
765 2503 1090 2554 coemeteriis
1114 2506 1303 2571 agatur
1326 2518 1461 2570 quae
1485 2502 1607 2554 solis
1631 2503 1887 2572 religiosis
1911 2504 2129 2554 familiis

220 2595 566 2654 reservantur,
609 2606 671 2640 ea
712 2589 869 2656 plane
911 2588 978 2639 ab
1021 2588 1274 2656 Episcopi
1307 2588 1697 2656 jurisdictione,
1738 2590 2055 2657 proindeque
2096 2605 2128 2638 a

223 2678 531 2730 visitatione
591 2678 839 2742 exempta
888 2678 1043 2733 sunt3
1106 2678 1279 2724 cetera
1328 2691 1447 2725 vero
1494 2674 1735 2725 fidelium
1789 2674 2126 2725 multitudini

221 2763 544 2824 communia,
579 2776 745 2827 quum
783 2775 889 2810 uno
931 2758 1110 2810 ordine
1148 2759 1328 2810 haberi
1371 2759 1598 2810 debeant
1640 2777 1763 2810 cum
1802 2761 2128 2810 coemeteriis

224 2847 619 2919 paroecialibuS‚
636 2844 1002 2912 jurisdictioni
1037 2843 1431 2896 Ordinariorum
1469 2846 1693 2897 subsunt
1723 2847 2042 2908 indubitate,
2067 2863 2127 2896 ac

224 2941 499 3004 propterea
539 2932 744 2999 optimo
775 2929 898 2996 jure
939 2929 1007 2980 ab
1051 2929 1314 2997 Episcopo
1350 2931 1651 2994 visitantur,
1685 2933 2127 2998 quemadmodum

224 3020 420 3072 statuit
466 3016 786 3068 Benedictus
835 3014 986 3065 XIV.
1035 3016 1094 3065 in
1144 3013 1368 3066 Constit.
1411 3014 1743 3067 Firmandis
1792 3017 1949 3067 VIII.
2001 3018 2130 3068 Idus

227 3104 539 3158 Novembris
562 3113 864 3153 MDCOXLIV.
940 3101 1102 3152 Haud
1126 3102 1360 3152 absimili
1390 3102 1733 3154 distinctione
1766 3104 1831 3154 de
1864 3104 1991 3154 locis
2024 3105 2129 3172 piis

224 3190 463 3260 quaestio
510 3187 797 3249 dirimitur,
832 3203 894 3238 ea
942 3187 1252 3238 secernendo
1300 3205 1434 3255 quae
1481 3193 1727 3256 exempta
1775 3194 1900 3250 sunt
1947 3190 2014 3239 ab
2062 3190 2129 3240 iis

228 3276 418 3345 quibus
442 3278 646 3341 praeest
670 3272 963 3340 Episcopus
987 3273 1094 3323 sive
1126 3273 1385 3323 ordinario
1408 3274 1548 3341 jure,
1575 3275 1684 3324 sive
1716 3274 1975 3343 delegato.
2050 3275 2130 3325 De

227 3360 466 3427 utrisque
512 3356 698 3426 igitur,
746 3360 865 3407 tum
920 3357 1248 3408 coemeteriis
1297 3362 1415 3407 tum
1464 3357 1568 3424 piis
1617 3358 1761 3421 locis,
1810 3361 2129 3410 sententiam

229 3445 476 3495 Nostram
499 3441 684 3509 paucis
708 3441 1111 3509 complectimur
1133 3443 1564 3509 pronunciantes:
1592 3459 1850 3493 sacrorum
1870 3461 2130 3495 canonum

228 3534 287 3581 et
310 3527 752 3580 constitutionum
777 3526 1199 3594 Apostolicarum
1225 3528 1544 3594 praescripta
1569 3544 1675 3578 esse
1700 3530 1966 3580 servanda.

521 3674 536 3697 ¹
558 3675 615 3714 In
632 3675 661 3715 J
663 3688 814 3715 anuen.
838 3677 1205 3716 Dismembrationis
1224 3689 1327 3716 xxv.
1345 3676 1373 3716 J
1375 3677 1540 3718 anuarii
1560 3690 1851 3719 uncchxxrx.
