2534 4374
965 483 1211 525 APPEND.
1263 483 1354 525 xx.
1985 467 2108 526 341

202 638 422 702 tamque
461 633 770 684 inveteratis
809 632 963 683 malis
1002 634 1219 684 recreari
1259 634 1543 702 aliquando
1578 640 1692 685 tum
1729 634 1962 685 Ecclesia
1993 640 2110 684 tum

206 719 437 770 humana
487 718 705 768 societas
755 718 935 785 possit.
1012 718 1156 778 Quae
1205 723 1269 768 ut
1318 719 1481 769 Nobis
1530 737 1593 769 ex
1645 721 1780 770 votis
1830 720 2114 770 succedant

204 804 612 872 deprecatricem
637 803 778 871 apud
805 803 1277 853 clementissimum
1312 802 1486 854 Deum
1512 805 1853 856 adhibeamus
1882 804 2113 853 Sanctis-

199 891 396 940 simam
423 888 699 956 Virginem
725 887 825 939 Dei
843 888 1009 955 ipsius
1028 892 1251 937 matrem
1271 888 1338 938 ab
1362 889 1561 957 origine
1588 889 2005 950 immaculatam,
2026 890 2107 937 cui

197 975 391 1025 datum
417 978 498 1024 est
522 972 785 1024 Ecclesiae
819 972 1009 1034 hosteS,
1035 976 1192 1039 atque
1227 990 1455 1023 errorum
1491 979 1723 1024 monstra
1755 974 2109 1041 confringere3

202 1077 300 1111 nec
338 1076 444 1110 non
482 1058 839 1127 patrocinium
877 1057 1218 1125 imploremus
1252 1058 1535 1109 Beatorum
1570 1060 1939 1127 Apostolorum
1966 1059 2108 1108 Petri

195 1150 258 1197 et
282 1145 456 1209 Pauli,
482 1161 704 1213 quorum
730 1144 955 1213 glorioso
981 1161 1157 1195 cruore
1182 1144 1340 1195 Alma
1372 1145 1500 1195 haec
1529 1144 1663 1195 Urbs
1689 1149 1986 1195 consecrata
2012 1150 2108 1195 est.

204 1231 410 1282 Horum
448 1246 546 1298 ope
582 1235 743 1298 atque
780 1228 995 1292 auxili0,
1038 1230 1179 1297 quod
1216 1246 1249 1280 a
1285 1230 1467 1281 divina
1503 1230 1743 1281 bonitate
1786 1229 2111 1299 flagitamuS,

203 1316 412 1368 facilius
434 1314 544 1366 Nos
569 1318 892 1367 assecuturos
916 1313 1248 1366 confidimus·

1077 1865 1230 1927 XX.

594 2050 697 2104 DE
746 2049 1144 2103 SOCIETATE
1194 2050 1710 2104 FENIANORUM.

830 2198 1131 2238 DECRETUM
1169 2198 1212 2237 S.
1251 2198 1473 2239 OFFIOII.

321 2335 506 2394 *Fam
530 2339 653 2406 IV„
679 2339 770 2392 die
794 2342 866 2392 12
890 2339 1191 2404 Januarii,
1217 2341 1589 2395 1870.—Cum
1615 2343 1922 2396 dubitatum
1948 2347 2112 2397 fuerit

186 2446 228 2480 a
275 2428 562 2492 nonnuIIiS,
605 2444 674 2478 an
724 2426 959 2479 Societas
1010 2427 1366 2479 Fenianorum
1415 2429 1789 2497 comprehensa
1838 2437 2112 2483 censeatur

194 2515 336 2566 inter
373 2514 665 2566 Societates
701 2514 978 2565 damnatas
1003 2514 1061 2564 in
1086 2513 1387 2565 Pontificiis
1419 2513 1921 2580 ConstitutionibUS‚
1950 2517 2111 2569 Sanc-

195 2600 432 2652 tissimus
468 2599 730 2650 Dominus
768 2598 960 2650 Noster
1003 2599 1133 2650 Pius
1175 2599 1373 2651 Divina
1416 2600 1759 2653 Providentia
1802 2602 1949 2671 Papa
1992 2603 2111 2667 IX.,

195 2686 457 2754 exquisito
512 2685 657 2753 prius
719 2684 966 2754 suffragio
1029 2685 1585 2737 Eminentissimorum
1646 2686 1868 2738 Patrum
1931 2686 2113 2740 Cardi-

193 2773 401 2824 nalium
449 2775 631 2823 contra
677 2770 997 2820 haereticam
1051 2770 1374 2837 pravitatem
1424 2771 1482 2821 in
1530 2772 1774 2823 universa
1825 2772 2112 2825 christiana

182 2859 462 2928 ‘republica
511 2857 895 2925 Inquisitorum
956 2856 1315 2921 Generalium,
1364 2874 1432 2909 ne
1493 2858 1754 2922 fidelium,
1804 2863 2108 2927 praesertim

194 2944 538 3013 simplicium,
563 2943 718 2994 corda
741 2959 865 2993 cum
891 2942 1128 2993 evidenti
1153 2943 1364 2995 animae
1390 2944 1694 2995 discrimine
1724 2950 2107 3012 pervertantur,

193 3030 469 3081 inhaerens
493 3028 731 3079 Decretis
755 3027 886 3078 alias
916 3044 948 3077 a
979 3026 1032 3080 S.
1060 3026 1482 3098 Congregatione
1517 3029 1842 3081 Universalis
1876 3030 2111 3097 Inquisi-

193 3116 359 3167 tionis
409 3115 468 3165 in
517 3113 780 3165 similibus
825 3112 1003 3176 editis,
1042 3114 1350 3180 praesertim
1394 3114 1616 3165 Decreto
1659 3116 1750 3165 fer.
1792 3115 1906 3179 IV.,
1946 3117 2034 3167 die
2077 3119 2108 3166 5

182 3200 231 3253 J
234 3201 348 3265 ulii,
377 3200 534 3262 1865,
558 3199 793 3250 decrevit
828 3215 889 3249 ac
926 3197 1216 3249 declaravit
1249 3197 1572 3251 Societatem
1610 3200 1978 3251 Americanam
2018 3219 2109 3253 seu

196 3285 541 3337 Hibernicam
578 3283 935 3334 Fenianorum
974 3283 1299 3351 appellatam
1341 3284 1713 3352 comprehendi
1757 3286 1896 3336 inter
1934 3285 2111 3337 Socie-

192 3375 333 3422 tates
357 3370 551 3421 vetitas
576 3373 632 3420 et
656 3369 933 3419 damnatas
958 3368 1016 3418 in
1042 3366 1527 3420 Constitutionibus
1554 3368 1891 3420 Summorum
1923 3370 2112 3421 Ponti-

192 3455 374 3519 ficum,
391 3459 446 3506 et
470 3454 780 3522 praesertim
805 3454 862 3504 in
886 3454 1188 3520 nuperrima
1211 3454 1447 3521 ejusdem
1472 3453 1789 3505 Sanctitatis
1810 3454 1947 3506 Suae
1965 3456 2110 3506 edita,

180 3542 381 3604 quarto
417 3537 536 3588 idus
573 3535 813 3587 Octobris
857 3537 1011 3598 1869,
1051 3535 1215 3602 incip.
1254 3533 1603 3603 Apostolicae
1641 3534 1821 3599 Sedis,
1859 3554 1982 3603 qua,
2013 3538 2111 3587 sub

189 3639 338 3673 num.
376 3625 430 3684 4,
466 3621 1003 3672 excommunicationi
1048 3618 1191 3671 latae
1233 3619 1535 3671 sentcntiae
1575 3621 1813 3672 Romano
1856 3622 2107 3672 Pontifici

184 3712 481 3759 reservatae
526 3707 740 3758 obnoxii
784 3706 1115 3757 declarantur
1157 3710 1191 3736 “
1207 3705 1415 3757 Nomen
1457 3706 1640 3756 dantes
1684 3712 1854 3756 sectae
1899 3705 2110 3757 Masso-
