2534 4374
510 452 629 510 168
1063 469 1222 511 couc,
1270 468 1435 511 PRov.
1479 468 1698 511 wner.
1745 471 1831 513 111.

500 614 713 682 plenam
763 613 1163 665 instructionem
1219 613 1572 681 requiruntur,
1620 614 1762 666 intra
1812 617 2125 668 domesticos
2174 618 2400 685 parietes

498 701 759 750 contineri
794 703 1018 766 oportet.
1091 699 1293 749 Mirum
1329 699 1497 767 igitur
1534 714 1641 750 non
1678 704 1759 750 est
1800 700 1845 751 si
1881 701 2186 752 docentium
2211 719 2401 771 corpus

500 785 780 852 praecipue
805 787 1012 834 constet
1036 800 1100 834 ex
1119 783 1186 833 iis
1210 783 1304 850 qui
1330 782 1414 833 vel
1440 783 1618 833 studia
1636 782 1934 852 theologica
1958 786 2140 836 eodem
2167 793 2400 854 tempore

501 873 901 937 prosequuntur,
927 868 1010 919 vel
1035 869 1126 935 qui
1153 885 1214 918 ea
1237 869 1634 935 interrumpunt
1655 872 1720 918 ut
1756 868 1960 919 litteras
1986 870 2225 922 doceant.
2299 871 2401 923 Isti

498 955 716 1021 quidem
742 954 915 1004 multo
939 954 1116 1004 minus
1158 971 1319 1021 quam
1362 954 1444 1004 illi
1488 954 1768 1018 amittlmt,
1794 971 1917 1005 cum
1941 955 2038 1005 uni
2064 956 2160 1007 soli
2184 957 2402 1026 negotio

500 1040 689 1105 quovis
723 1044 955 1106 tempore
999 1055 1053 1089 se
1088 1038 1302 1090 dedant.
1377 1037 1718 1106 Superiorum
1761 1056 1884 1107 ergo
1923 1039 2164 1091 solertiae
2199 1046 2256 1092 et
2293 1041 2404 1094 zelo

500 1124 929 1174 commendamus
972 1123 1338 1174 fundationem
1381 1122 1744 1173 cathedrarum
1793 1140 1917 1173 cum
1964 1124 2235 1175 dotatione
2281 1141 2406 1176 con·-

501 1208 754 1258 venienti.
843 1206 948 1258 Sed
998 1207 1402 1258 desiderandum
1450 1212 1515 1257 ut
1561 1207 1742 1258 nullus
1768 1205 1997 1259 Clericus
2022 1210 2200 1260 minus
2235 1226 2396 1277 quam

497 1298 726 1360 quatuor
748 1294 979 1361 integros
1003 1308 1165 1342 annos
1189 1292 1248 1342 in
1273 1292 1541 1361 theologia
1565 1292 1880 1343 addiscenda
1903 1294 2157 1358 insumat,
2181 1311 2402 1364 eamque

501 1394 607 1428 non
631 1378 927 1445 interrupto
951 1395 1106 1429 cursu
1130 1377 1366 1429 absolute
1390 1382 1674 1444 percurrat.

646 1462 755 1514 III.
806 1462 873 1512 In
898 1462 997 1512 hoc
1021 1479 1141 1513 vero
1166 1462 1428 1512 laudanda
1471 1468 1596 1513 sunt
1637 1466 1814 1514 nostra
1856 1462 2109 1533 Collegia‚
2132 1464 2272 1532 quod
2311 1481 2407 1532 pro

501 1547 557 1601 S.
595 1547 882 1616 Theologia
917 1548 1171 1598 tradenda
1206 1548 1512 1615 professores
1545 1547 1710 1598 etiam
1746 1549 1804 1599 in
1841 1548 2145 1618 longinquis
2180 1549 2408 1618 regioni—

504 1633 602 1684 bus
627 1633 950 1700 quaesierint
974 1636 1031 1683 et
1065 1632 1309 1683 inventos
1333 1632 1583 1683 benevole
1620 1635 1955 1701 exceperint3
1997 1635 2106 1685 sive
2132 1633 2261 1684 Itali
2298 1635 2406 1686 sive

502 1719 756 1771 Germani
799 1719 1012 1769 fuerint.
1101 1718 1218 1768 Hoc
1260 1734 1435 1768 recens
1476 1718 1674 1780 evenit,
1714 1735 1819 1786 quo
1855 1719 1984 1770 satis
2019 1724 2228 1788 cons-tat
2268 1718 2407 1770 1111111

505 1821 686 1856 eorum
724 1804 1074 1871 superioribus
1098 1803 1271 1871 magis
1296 1819 1404 1854 esse
1428 1803 1571 1854 cordi
1597 1820 1758 1871 quam
1782 1804 1842 1854 in
1866 1804 2008 1855 hisce
2033 1805 2223 1855 studiis
2247 1805 2405 1872 profi-

504 1907 634 1940 cere.
694 1888 795 1940 Sed
820 1887 990 1939 adhuc
1017 1888 1187 1939 forsan
1206 1888 1500 1955 optandum
1523 1893 1657 1938 esset
1684 1892 1747 1938 ut
1770 1905 2021 1940 numerus
2040 1889 2406 1940 cathedrarum

503 1977 920 2045 theologicarum
956 1979 1346 2045 augmentetur,
1373 1978 1428 2025 et
1452 1990 1485 2023 a
1508 1974 1634 2025 viris
1659 1975 1829 2025 doctis
1866 1979 1923 2025 et
1957 1975 2122 2026 etiam
2159 1974 2406 2026 laureatis

505 2063 640 2113 istae
665 2065 1003 2128 occupentur.
1077 2060 1225 2110 Tunc
1250 2060 1392 2110 enim
1429 2075 1536 2110 non
1566 2058 1736 2109 solum
1761 2058 1986 2126 amplior
2010 2064 2067 2110 et
2101 2059 2407 2126 profundior

501 2151 638 2199 esset
663 2147 899 2216 cognitio
925 2161 1186 2197 sacrarum
1229 2143 1647 2211 disciplinarum,
1672 2144 1763 2195 sed
1788 2145 1953 2196 etiam
1976 2143 2084 2195 illis
2107 2160 2244 2212 quae
2266 2160 2409 2195 nunc

509 2233 808 2294 traduntur,
833 2231 969 2282 aliae
993 2230 1245 2298 perutiles
1269 2230 1491 2298 adjungi
1514 2234 1743 2299 possent.

651 2316 745 2367 IV.
797 2315 1067 2379 QuamviS,
1116 2315 1261 2367 verbi
1321 2315 1512 2383 gratia,
1562 2315 1801 2366 studium
1851 2312 1905 2366 S.
1956 2312 2256 2382 Scripturas
2301 2330 2408 2366 non

503 2401 823 2472 negligatur,
850 2401 939 2451 sed
970 2400 1150 2467 potius
1175 2400 1460 2469 diligenter
1500 2416 1595 2467 pro
1635 2416 1807 2450 rerum
1843 2398 2148 2451 conditione
2186 2398 2406 2461 colatur,

507 2493 687 2538 tamen
730 2487 819 2536 vix
862 2484 1124 2536 sufficiens
1166 2485 1378 2536 videtur
1417 2485 1585 2552 ipsius
1621 2485 1840 2536 traditio
1875 2501 1970 2552 pro
2012 2483 2406 2551 quaestionibus

505 2572 842 2623 enucleandis
866 2587 998 2638 quae
1034 2569 1119 2620 his
1142 2569 1448 2620 miserrimis
1484 2569 1812 2637 temporibus
1847 2567 2086 2636 quotidie
2109 2568 2408 2636 insurgunt,

508 2657 593 2708 vel
617 2658 684 2708 ad
710 2673 841 2723 opus
876 2655 1282 2724 praedicationis
1307 2654 1390 2705 vel
1432 2654 1596 2705 etiam
1632 2654 1700 2704 ad
1742 2653 2023 2704 asceticam
2049 2656 2107 2703 et
2140 2652 2405 2703 internam

505 2745 674 2796 animi
699 2744 1067 2795 eruditionem.
1142 2742 1210 2793 In
1233 2742 1429 2812 Anglia
1452 2742 1597 2792 enim
1622 2742 1713 2792 vix
1735 2741 1843 2792 diei
1879 2745 2056 2808 potest
2085 2741 2406 2790 immensum

501 2835 767 2898 quantum
809 2829 1030 2880 creverit
1071 2827 1307 2879 hostium
1349 2827 1619 2896 religionis
1666 2827 1922 2878 acerbitas
1968 2825 2214 2876 adversus
2248 2841 2425 2875 omne

505 2916 644 2984 quod
669 2916 866 2965 dicitur
888 2913 1031 2964 Deus
1055 2917 1152 2964 aut
1174 2912 1314 2980 quod
1339 2912 1546 2975 colitur,
1565 2912 1844 2980 praecipue
1867 2928 1985 2962 vero
2010 2910 2142 2978 Ejus
2166 2914 2404 2961 sanctam

506 3003 695 3069 legem.
757 2999 910 3049 Talia
933 3015 1052 3050 vero
1076 3003 1201 3050 sunt
1223 2998 1349 3061 ista,
1364 3003 1429 3048 ut
1451 2997 1541 3048 vix
1560 2998 1670 3048 sine
1694 2996 1861 3047 solida
1877 2995 2175 3047 eruditione
2198 2994 2402 3062 possint

502 3086 786 3137 confutari.
2059 3088 2065 3092 '

648 3171 714 3221 V.
763 3169 848 3220 Ad
888 3169 1025 3220 hanc
1066 3168 1438 3236 acquirendam
1479 3166 1715 3217 multum
1757 3168 1898 3216 certe
1931 3164 2147 3232 juvaret
2187 3163 2400 3234 linguae

506 3257 797 3307 Hebraicae
839 3254 1076 3305 studium
1115 3253 1301 3304 saltem
1345 3252 1781 3310 elementarium3
1829 3251 1909 3300 ita
1943 3254 2009 3299 ut
2050 3266 2230 3300 omnes
2267 3248 2400 3299 deli-

505 3342 677 3393 bando
725 3344 944 3408 gustent
992 3340 1133 3408 quod
1186 3337 1429 3389 nonnulli
1489 3335 1695 3387 meliori
1743 3334 1959 3401 ingenio
2007 3334 2180 3384 dotati
2229 3333 2402 3384 forsan

504 3427 794 3494 impensius
819 3429 1226 3493 prosequentur3
1275 3423 1416 3491 quod
1453 3438 1572 3473 vero
1595 3420 1797 3471 nemini
1821 3419 1955 3469 utile
1978 3434 2086 3469 non
2110 3418 2213 3469 erit
2236 3418 2402 3468 etiam

508 3511 695 3562 leviter
718 3510 980 3577 attigisse.

649 3596 745 3646 VI.
795 3594 931 3647 Cum
991 3611 1083 3663 per
1142 3591 1508 3644 Hierarchiam
1576 3589 1999 3640 Ecclesiasticam
2058 3587 2286 3638 feliciter
2343 3589 2402 3637 in

509 3681 703 3750 Anglia
726 3681 1049 3744 restitutam,
1073 3678 1463 3730 administratio
1487 3675 1823 3726 Dioeceseum
1851 3674 2012 3742 juxta
2035 3672 2241 3741 regulas
2266 3672 2401 3739 juris

506 3767 581 3817 sit
605 3766 847 3834 gerenda,
871 3781 1098 3832 cumque
1138 3779 1319 3834 graves
1361 3762 1691 3829 quaestiones
1727 3760 1783 3809 in
1809 3757 2032 3827 Synodis
2055 3763 2169 3808 tam
2192 3758 2402 3826 provin-
