2534 4374
421 428 545 488 274
985 447 1145 491 conc.
1192 447 1358 493 psov,
1403 448 1622 491 wssm.
1666 448 1743 491 ιν.

555 592 721 644 XLV.
759 593 957 644 Totum
1000 592 1294 644 scholarum
1342 592 1671 659 publicarum
1719 596 1973 664 regimen,
2014 597 2074 647 in
2120 597 2313 664 quibus

405 676 661 743 juventus
702 677 1018 728 christianae
1053 676 1277 744 alicujus
1313 675 1654 744 Reipublicae
1690 677 2012 743 instituitur,
2048 680 2315 748 episcopa-

412 758 551 810 libus
600 761 881 811 dumtaxat
928 760 1221 812 seminariis
1268 760 1448 829 aliqua
1493 762 1697 814 ratione
1746 764 1993 831 exceptis,
2035 768 2211 833 potest
2252 781 2313 816 ac

412 843 570 895 debet
594 845 818 896 attribui
848 845 1159 895 auctoritati
1191 844 1371 906 civili3
1408 849 1465 896 et
1496 846 1576 897 ita
1605 847 1819 914 quidem
1847 849 2087 911 attribui,
2110 853 2174 899 ut
2196 849 2315 900 nul-

411 927 527 978 lum
551 929 647 979 alii
671 930 986 996 cuicumque
1010 930 1319 981 auctoritati
1347 935 1747 1000 recognoscatur
1768 932 1861 1000 jus
1894 934 2229 985 immiscendi
2261 951 2314 985 se

411 1013 470 1063 in
518 1014 799 1081 disciplina
846 1014 1159 1078 scholarum,
1201 1016 1259 1066 in
1300 1015 1558 1083 regimine
1599 1017 1911 1080 studiorum,
1953 1017 2012 1068 in
2052 1018 2312 1088 graduum

411 1097 709 1162 collatione,
733 1099 794 1150 in
817 1099 1028 1152 delectu
1052 1104 1149 1151 aut
1171 1101 1549 1168 approbatione
1572 1102 1961 1171 magistrorum.

667 1195 803 1236 Alloc.
824 1198 881 1237 In
897 1198 1161 1238 consistoriali
1182 1201 1202 1238 1
1223 1197 1490 1248 Novembris,
1516 1199 1634 1239 1850.

666 1262 807 1304 Alloc.
832 1263 980 1310 Quibus
998 1266 1294 1305 luctuosissima
1312 1266 1336 1305 5
1356 1264 1629 1318 Septembris,
1655 1266 1772 1307 1851.

554 1361 751 1412 XLVI.
789 1363 965 1415 Immo
1013 1365 1072 1414 in
1125 1365 1254 1432 ipsis
1311 1365 1616 1417 clericorum
1680 1366 1973 1418 seminariis
2034 1365 2315 1418 methodus

411 1446 707 1498 studiorum
731 1448 1031 1500 adhibenda
1054 1450 1203 1501 civili
1226 1451 1535 1501 auctoritati
1560 1449 1856 1519 subjicitur.

667 1545 804 1586 Alloc.
826 1547 1042 1597 Nunquam
1050 1547 1144 1598 sore
1165 1548 1213 1587 15
1232 1547 1490 1596 Decembris,
1513 1548 1630 1588 1856.

553 1648 785 1699 XLVII.
822 1648 1067 1700 Postulat
1090 1650 1298 1717 optima
1316 1649 1488 1701 civilis
1506 1650 1772 1702 societatis
1789 1650 1943 1714 rati0,
1960 1654 2026 1702 ut
2041 1651 2316 1719 populares

413 1732 632 1796 scholae,
657 1750 793 1801 quae
825 1737 1014 1802 patent
1051 1734 1295 1786 omnibus
1328 1734 1583 1802 cujusque
1613 1752 1643 1786 e
1675 1735 1872 1803 populo
1911 1735 2088 1787 classis
2124 1736 2316 1803 pueriS,

411 1832 472 1866 ac
520 1815 735 1883 publica
782 1816 1067 1867 universim
1116 1815 1396 1880 Instituta,
1444 1833 1578 1884 quae
1626 1817 1821 1868 litteris
1879 1817 2316 1885 severioribusque

412 1900 708 1968 disciplinis
741 1901 1009 1952 tradendis
1042 1905 1099 1952 et
1122 1901 1426 1952 educationi
1441 1901 1745 1970 juventutis
1770 1903 2029 1953 curandae
2054 1905 2180 1952 sunt
2202 1901 2317 1952 des-

412 1987 604 2049 tinata,
636 1987 937 2038 eximantur
969 1987 1037 2037 ab
1068 1986 1215 2038 omni
1246 1985 1514 2037 Ecclesiae
1537 1986 1870 2049 auctoritate,
1895 1987 2239 2038 moderatrice
2262 1987 2314 2037 vi

413 2076 469 2122 et
492 2071 805 2141 ingerentia,
835 2072 1095 2139 plenoque
1134 2071 1307 2122 civilis
1345 2087 1406 2121 ac
1444 2070 1695 2138 politicae
1733 2071 2066 2121 auctoritatis
2103 2070 2317 2121 arbitrio

413 2156 760 2224 subjiciantur
798 2158 866 2208 ad
903 2157 1284 2225 imperantium
1320 2156 1521 2224 placita
1556 2159 1612 2207 et
1645 2156 1714 2207 ad
1739 2157 2102 2207 communium
2126 2156 2316 2207 aetatis

413 2243 724 2308 opinionum
747 2243 1018 2294 amussim.

669 2332 807 2384 Epist.
829 2332 884 2372 ad
900 2331 1100 2385 Archiep.
1123 2331 1323 2383 Friburg.
1349 2331 1477 2377 Quum
1493 2344 1572 2372 non
1590 2332 1676 2371 cine
1696 2332 1745 2370 14
1762 2330 1886 2381 Julii,
1914 2332 2030 2371 1864.

555 2425 816 2476 XLVIII.
856 2424 1143 2477 Catholicis
1166 2425 1292 2475 viris
1315 2424 1524 2491 probari
1554 2426 1730 2491 potest
1754 2441 1816 2475 ea
1835 2423 2141 2491 juventutis
2163 2425 2318 2475 insti-

413 2513 641 2564 tuendae
664 2513 819 2575 rati0‚
843 2528 978 2579 quae
1003 2512 1075 2562 sit
1097 2528 1130 2561 a
1154 2510 1415 2561 catholica
1439 2509 1545 2561 fide
1570 2514 1627 2560 et
1653 2509 1723 2560 ab
1755 2509 2021 2560 Ecclesiae
2052 2513 2316 2577 potestate

413 2597 668 2665 sejuncta,
717 2613 956 2664 quaeque
1004 2585 1178 2646 rerum
1226 2595 1508 2645 dumtaxat
1557 2593 1883 2644 naturalium
1932 2594 2206 2644 scientiam
2253 2611 2316 2644 ac

412 2688 644 2733 terrenae
687 2680 893 2732 socialis
934 2681 1077 2731 vitae
1117 2679 1248 2731 fines
1290 2678 1661 2730 tantummodo
1705 2677 1790 2729 vel
1831 2677 2019 2729 saltem
2067 2678 2316 2746 primario

414 2771 632 2835 399(ῧῒθῒκ
669 2836 808 2888 Epist,
830 2835 886 2876 ad
900 2835 1101 2888 Archiep.
1123 2834 1324 2886 Friburg.
1351 2834 1477 2880 Quwm
1494 2846 1573 2873 mm
1590 2834 1675 2873 sine
1693 2833 1743 2872 14
1761 2832 1886 2883 Julii,
1911 2835 2028 2873 1864.

556 2933 757 2983 XLIX.
797 2931 981 2983 Civilis
1017 2931 1302 2981 auctoritas
1339 2933 1516 2996 potest
1546 2928 1805 2996 impedire
1836 2930 2118 2996 quominus
2151 2946 2315 2979 sacro-

413 3035 529 3069 rum
553 3018 838 3068 Antistites
860 3020 917 3067 et
938 3015 1117 3066 fideles
1139 3015 1326 3082 populi
1350 3032 1474 3065 cum
1507 3014 1744 3065 Romano
1777 3013 2038 3065 Pontifice
2070 3013 2229 3065 libere
2252 3030 2313 3063 ac

412 3109 602 3154 mutuo
626 3101 1034 3153 communicent.

668 3188 806 3228 Alloc.
826 3188 1010 3227 Maxima
1027 3187 1181 3237 quidem
1200 3188 1224 3225 9
1243 3184 1380 3236 Junii,
1405 3186 1522 3227 1862.

556 3285 619 3336 L.
657 3285 820 3335 Laica
841 3283 1129 3334 auctoritas
1152 3280 1312 3332 habet
1334 3297 1425 3348 per
1454 3298 1509 3331 se
1532 3280 1624 3347 jus
1643 3280 2011 3347 praesentandi
2029 3282 2313 3347 episcopos,

415 3375 469 3422 et
506 3375 680 3438 potest
719 3369 787 3420 ab
824 3368 933 3418 illis
970 3369 1176 3434 exigere
1212 3369 1278 3416 ut
1311 3366 1497 3416 ineant
1532 3364 1851 3415 dioecesium
1874 3365 2310 3431 procurationem,

414 3460 701 3521 antequam
724 3453 828 3520 ipsi
852 3451 1159 3502 canonicam
1181 3467 1215 3501 a
1240 3448 1293 3501 S.
1321 3448 1454 3500 Sede
1489 3448 1887 3498 institutionem
1925 3452 1981 3499 et
1999 3449 2311 3516 apostolicas

412 3539 617 3589 litteras
642 3538 924 3604 accipiant.

669 3627 806 3667 Alloc.
827 3628 1041 3674 Nunquam
1057 3625 1144 3674 fore
1165 3625 1213 3665 15
1231 3621 1490 3666 Decembri&
1514 3622 1631 3662 1856.
