2534 4374
1008 493 1285 539 nEcRmA.
2006 486 2087 550 47

201 632 268 685 R.
288 633 353 684 D.
377 632 470 704 [N.
484 633 606 706 N.],
632 636 696 689 R.
716 638 781 690 D.
804 637 899 709 [N.
916 638 1036 710 N.],
1061 640 1125 693 R.
1147 642 1211 693 D.
1242 641 1334 712 [N.
1355 642 1450 715 N.]
1528 645 1692 697 Facto
1727 653 1807 699 ter
1832 650 2103 713 scrutinio,

199 723 411 769 constat
425 736 487 770 ex
507 721 701 789 majore
722 723 1088 793 suffragiorum
1109 742 1327 778 numero
1343 731 1704 796 proponendos
1721 749 1829 784 esse
1853 733 2105 784 Illustris-

202 803 383 854 issimo
427 809 482 855 et
522 805 973 860 Reverendissimo
1018 809 1279 878 Episcopo
1315 817 1417 862 tres
1462 814 1839 867 ecclesiasticos
1882 834 2105 885 quorum

203 890 423 940 nomina
448 896 757 959 sequuntur.

742 983 776 1009 ‘⁶
795 978 876 1030 Ex
913 980 1168 1032 scrutinio
1207 981 1258 1033 10
1331 983 1502 1036 Titus.

957 1101 992 1128 „
1173 1065 1257 1118 11⁰
1331 1068 1653 1122 FranciscuS.

957 1186 991 1213 ‚,
1145 1150 1259 1203 1110
1331 1153 1605 1222 Josephus.

348 1237 383 1264 “
402 1232 469 1284 In
528 1249 771 1301 quorum,
823 1231 984 1285 fidem
1033 1235 1127 1288 has
1175 1245 1471 1305 praesentes
1531 1242 1632 1292 rite
1692 1242 1988 1310 publicatas
2048 1245 2104 1295 in

204 1315 474 1385 Capitulo,
517 1318 752 1368 munitas
801 1318 977 1387 sigillo
1026 1322 1326 1388 capitulari,
1364 1329 1420 1374 et
1470 1325 1568 1376 sub
1604 1343 1765 1378 manu
1793 1327 2103 1395 Praepositi,

207 1402 501 1467 Secretarii,
520 1407 576 1454 et
600 1401 982 1468 scrutatorum,
1005 1404 1315 1474 Capitulum
1342 1409 1455 1459 dari
1472 1409 1637 1477 jussit
1662 1412 1814 1463 die...
1836 1412 2099 1465 MensiS...

740 1559 805 1610 A.
854 1558 1237 1630 Praepositae.
1301 1565 1367 1616 G.

384 1641 446 1692 L.
467 1638 538 1711 *¹⁴
558 1640 612 1693 S.
740 1641 806 1693 D.
857 1641 1215 1697 Secretarius.
1290 1646 1368 1698 M.
1415 1564 1470 1775 }
1514 1646 1903 1701 scrutatores?

1299 1728 1368 1780 N.

632 1834 790 1887 VIII.
862 1835 943 1888 De
978 1836 1211 1895 Dece-ssu
1251 1837 1685 1893 Canonicorum.

345 1945 434 1995 49.
485 1942 703 2004 Quoties
730 1941 1041 2010 Capitulum
1066 1945 1343 1996 convenire
1367 1948 1555 2014 nequit
1579 1948 1645 1997 ad
1671 1948 1829 1999 funus
1855 1950 2104 2001 canonico

198 2029 452 2081 defuncto
478 2029 800 2092 faciendum,
820 2030 1051 2099 singulos
1070 2033 1344 2083 canonicos
1363 2032 1634 2083 hortamur
1651 2038 1712 2084 ut
1737 2050 1829 2101 pro
1848 2035 2103 2086 confratre

200 2132 295 2167 suo
331 2114 521 2165 missae
557 2114 874 2165 sacrificium
911 2116 1309 2183 quamprimum
1347 2117 1586 2168 offerant.

703 2249 808 2304 IX.
879 2250 961 2303 De
997 2250 1238 2304 Statutis
1274 2251 1342 2304 in
1375 2269 1583 2319 yenere.

344 2359 432 2411 50.
482 2356 676 2426 Copiae
731 2358 1114 2410 resolutionum
1171 2358 1549 2426 capitularium
1611 2358 1871 2427 Episcopo
1929 2361 2101 2427 requi-

198 2445 357 2507 renti,
422 2447 613 2512 utpote
673 2444 761 2495 cui
821 2445 1088 2495 incumbit
1145 2443 1426 2513 invigilare
1488 2448 1544 2494 et
1603 2461 1979 2512 recognoscere,
2033 2461 2100 2495 ne

196 2530 493 2598 quidquam
529 2545 622 2596 per
647 2529 961 2596 capitulares
987 2530 1293 2580 decernatur
1318 2533 1498 2579 contra
1518 2528 1657 2596 juris
1681 2529 2098 2596 dispositionem,

199 2615 284 2666 vel
308 2615 367 2665 in
390 2613 776 2682 praejudicium
801 2613 1086 2678 Ecclesiae,
1105 2631 1138 2664 a
1157 2613 1435 2666 Canonicis
1460 2614 1706 2682 denegari
1731 2630 1836 2664 non
1862 2620 2096 2680 possunt,

198 2699 421 2767 illasque
469 2715 501 2749 a
550 2699 814 2749 canonicis
867 2698 1160 2767 Episcopus
1210 2699 1418 2768 exigere
1478 2698 1621 2749 valet
1670 2699 1766 2749 sub
1814 2699 1995 2765 poenis
2043 2706 2098 2748 et

196 2784 461 2846 censuris3
503 2800 610 2834 non
634 2784 877 2834 obstante
900 2785 1042 2851 quod
1077 2784 1361 2851 aliquando
1386 2783 1559 2834 adesse
1583 2783 1787 2850 possint
1812 2783 1933 2833 lites
1959 2783 2097 2832 inter

200 2869 525 2938 Episcopum
545 2873 601 2920 et
617 2867 926 2936 Capitulum
943 2886 958 2930 ;
982 2869 1180 2920 nedum
1199 2870 1327 2936 quia
1345 2869 1421 2919 ibi
1437 2884 1542 2918 non
1557 2868 1860 2935 panduntur
1878 2867 2096 2929 motiva,

197 2959 255 3006 et
291 2954 482 3004 merita
520 2957 576 3004 et
619 2957 815 3004 secreta
851 2970 1024 3017 causa,
1062 2954 1151 3005 sed
1190 2971 1251 3005 eo
1287 2954 1474 3022 magiS,
1505 2953 1631 3019 quia
1670 2952 1795 3002 licet
1838 2952 1934 3001 tali
1975 2969 2094 3001 casu

199 3041 489 3108 Episcopus
512 3040 872 3090 interventum
897 3038 1087 3091 habere
1128 3044 1358 3106 nequeat
1396 3039 1455 3088 in
1499 3036 1747 3104 Capitulo
1786 3053 1854 3087 ne
1879 3037 2095 3087 tollatur

194 3126 464 3176 canonicis
489 3124 701 3175 libertas
726 3125 962 3187 votandi,
987 3125 1129 3174 facta
1154 3128 1333 3174 tamen
1352 3122 1685 3183 resolutione,
1705 3138 1767 3171 ex
1787 3121 1882 3171 hoc
1902 3122 2093 3188 capite,

196 3211 248 3261 ei
273 3210 454 3278 negari
478 3213 748 3277 nequeunt
773 3208 1079 3277 hujusmodi
1104 3208 1418 3276 capitulares
1442 3206 1796 3258 resolutiones.

343 3298 428 3347 51.
479 3295 854 3362 Interpretatio
897 3299 1218 3347 statutorum
1262 3293 1502 3344 facienda
1544 3296 1625 3343 oet
1670 3308 1735 3342 ex
1774 3291 1910 3358 juris
1953 3306 2095 3341 com-

197 3380 374 3431 munis
399 3379 693 3448 principiiS.

339 3466 425 3516 52.
475 3463 784 3515 Notandum
832 3464 896 3515 de
948 3464 1068 3532 jure
1116 3463 1387 3515 communi
1434 3461 1717 3527 aliquando
1766 3460 1956 3525 requiri
2017 3459 2083 3509 ad

197 3549 426 3600 valorem
451 3553 671 3600 actuum
695 3550 1070 3617 capitularium
1095 3565 1403 3599 consensum
1429 3547 1668 3597 omnium
1689 3545 2055 3595 canonicorum
2076 3561 2089 3602 ;

195 3651 400 3701 semper
424 3651 543 3685 vero
577 3634 765 3684 saltem
807 3634 1020 3701 majoris
1058 3634 1264 3684 numeri
1307 3632 1547 3683 omnium
1586 3632 1642 3680 in
1682 3630 1904 3679 sessione
1947 3628 2089 3693 capi-

199 3718 359 3768 tulari
407 3719 782 3786 praesentium,
831 3723 886 3769 et
933 3736 1026 3786 pro
1076 3718 1359 3769 condendis
1408 3716 1558 3766 novis
1607 3714 1824 3765 statutis
1866 3713 2089 3763 duarum

196 3803 386 3854 saltem
412 3821 476 3855 ex
500 3804 669 3855 tribus
693 3803 930 3869 partibus
957 3802 1340 3869 suffragiorum.

301 4185 670 4285 umnv
720 4184 837 4276 ST.
871 4174 1201 4283 Mssr's
1252 4165 1626 4285 (OM-EG}
