2534 4374
372 469 454 530 34
946 483 1109 526 conc,
1154 482 1318 525 Pnov.
1362 479 1583 523 wEs'rM.
1628 479 1668 520 1.

364 630 477 682 loco
500 633 593 683 ubi
612 631 967 684 ministerium
992 646 1148 681 suum
1173 630 1376 679 exercet
1401 643 1455 677 se
1478 622 1782 682 subtrahat;
1819 622 1943 673 etis
1967 620 2061 688 qui
2078 619 2261 670 abesse

313 726 317 759 ἲ
365 717 590 768 voluerit
621 718 760 768 ultra
797 734 990 786 paucos
1023 716 1151 777 dies,
1184 713 1457 763 licentiam
1481 712 1538 760 in
1563 709 1772 776 scriptis
1796 707 1864 758 ab
1888 707 2148 773 episcope,
2172 703 2255 754 vel

316 804 317 807 ’
363 802 573 865 vicariO,
599 803 852 853 obtineat.
926 799 1112 870 (Cone.
1141 795 1295 849 Trid.
1321 813 1441 847 8688.
1465 806 1652 858 XXIII„
1676 809 1791 861 cap.
1815 794 1864 856 1,
1887 790 1968 842 Dc
1998 788 2221 859 reform.
2236 809 2255 847 ς

363 886 514 950 item,
539 903 656 938 8688.
682 904 752 951 v.,
777 903 890 954 cap.
916 888 969 949 2,
992 885 1073 937 Dc
1095 881 1349 952 reform.)

967 1036 1368 1090 DECRETUM
1445 1033 1650 1087 XXVI.

856 1153 937 1204 De
975 1150 1231 1219 Colleyiie
1271 1166 1369 1203 seu
1406 1144 1762 1203 seminarii-9.

505 1264 847 1334 Summopere
883 1267 1155 1336 religionis
1197 1268 1485 1335 augmento
1527 1263 1862 1331 profuturum
1903 1261 2171 1328 putamus,
2211 1259 2258 1306 si

363 1352 655 1414 seminaria,
680 1352 738 1402 in
762 1352 954 1419 quibus
979 1353 1191 1403 seorsim
1216 1351 1562 1402 educarentur
1579 1349 1772 1410 clerici,
1795 1349 2008 1414 possent
2030 1341 2255 1394 fundari.

363 1435 465 1487 Sed
490 1453 655 1503 quum
679 1438 737 1489 in
760 1437 950 1488 nostris
986 1436 1222 1505 collegiis
1254 1436 1376 1503 ipsi,
1406 1434 1685 1503 juventuti
1724 1430 1975 1483 saeculari
2012 1427 2260 1489 immisti,
2295 1490 2298 1494 Ι

359 1536 500 1570 nunc
560 1522 927 1584 instituantur,
989 1521 1238 1571 debemus
1285 1537 1380 1588 pro
1427 1519 1572 1570 virili
1622 1522 1771 1585 parte
1819 1515 2134 1576 adlaborare,
2193 1516 2258 1562 ut
2302 1574 2304 1576 ,

359 1605 738 1657 ecclesiasticus
763 1607 977 1674 spiritus
1000 1607 1142 1656 inter
1165 1621 1251 1656 eos
1275 1605 1474 1674 vigeat,
1497 1620 1594 1654 nec
1618 1604 1686 1654 ad
1709 1601 1978 1653 mundana
2000 1597 2259 1650 desideria
2282 1613 2286 1615 ’

361 1691 593 1756 ipsorum
618 1691 771 1741 corda
796 1690 1160 1742 deflectantur.

507 1776 554 1826 1.
603 1774 638 1825 J
640 1792 831 1826 uvenes
856 1793 948 1826 seu
971 1777 1122 1843 pueri
1147 1775 1315 1845 igitur
1351 1774 1618 1844 eligantur
1652 1773 1746 1841 qui
1782 1773 1932 1841 signa
1966 1769 2258 1821 vocationis

360 1876 466 1910 non
501 1861 784 1927 aequivoca
827 1861 1115 1921 dederunt3
1152 1860 1211 1910 in
1253 1859 1484 1927 quibuus
1514 1860 1633 1928 jam
1675 1858 1879 1927 fulgeat
1919 1856 2064 1907 vitae
2103 1854 2258 1904 inno-

361 1945 552 2007 centia,
578 1945 820 1995 docilitas
845 1949 901 1995 et
923 1946 1112 2012 pietaS,
1138 1962 1261 1996 cum
1285 1945 1502 2014 ingenio
1534 1961 1640 1995 non
1671 1942 1923 1994 mediocri
1955 1939 2255 2006 conjuncta.
2294 1937 2299 1942 “

360 2029 756 2080 Examinatores
781 2031 1118 2097 deputentur,
1145 2032 1240 2098 qui
1265 2047 1446 2081 omnes
1470 2031 1528 2080 in
1553 2029 1851 2098 collegium,
1877 2027 2017 2076 inter
2045 2023 2257 2074 clericos

359 2114 733 2177 admittendos,
754 2115 985 2166 examini
1003 2116 1114 2184 subj
1122 2114 1313 2176 iciant3
1339 2116 1537 2183 quique
1555 2115 1621 2166 de
1637 2114 1851 2165 illorum
1869 2113 2112 2162 anteacta
2125 2109 2262 2171 vita,

359 2214 465 2248 non
506 2199 682 2249 minus
720 2216 882 2266 quam
906 2200 974 2251 de
997 2201 1165 2250 animi
1191 2200 1422 2263 dotibus„
1445 2198 1915 2268 investigationem
1951 2196 2254 2246 instituant.

502 2285 552 2333 2.
595 2283 630 2334 J
632 2284 818 2334 uvabit
831 2285 1011 2348 etiam,
1032 2286 1076 2336 si
1093 2303 1185 2353 per
1199 2302 1508 2336 concursum
1527 2284 1732 2335 alumni
1750 2283 1809 2333 in
1822 2281 2044 2349 collegia
2062 2280 2255 2330 admit-

362 2372 560 2431 tantur,
583 2369 662 2418 ita
687 2373 867 2419 tamen
890 2373 956 2419 ut
970 2370 1094 2437 jura
1115 2371 1263 2421 nulla
1287 2371 1570 2421 existentia
1594 2370 1678 2420 vel
1702 2370 1882 2419 futura
1904 2366 2196 2416 laedantur.

505 2455 554 2503 3.
607 2453 800 2514 Quovis
860 2471 997 2505 anno
1056 2460 1224 2506 rector
1280 2455 1493 2522 collegii
1549 2455 1780 2522 episop0‚
1839 2452 1925 2503 vel
1981 2449 2261 2522 episcopis,

361 2538 618 2588 rationem
641 2539 825 2589 reddet
843 2540 908 2590 de
932 2539 1170 2606 profectu
1195 2543 1251 2590 et
1275 2540 1507 2590 moribus
1531 2539 1945 2606 uniuscujusque
1969 2534 2191 2586 alumni.

503 2625 555 2672 4.
605 2621 907 2692 Diligenter
930 2625 1275 2688 instruantur,
1301 2626 1467 2676 etiam
1493 2626 1537 2677 si
1562 2626 1809 2692 expediat
1834 2622 2064 2684 seorsim,
2100 2621 2167 2671 de
2201 2636 2261 2670 re

362 2708 601 2770 ascetica,
650 2708 708 2757 in
756 2708 1122 2760 collationibus
1170 2711 1354 2778 quovis
1396 2727 1573 2761 mense
1609 2709 1861 2760 habendis
1881 2727 1895 2769 3
1943 2705 2256 2758 methodum

361 2792 658 2842 meditandi
675 2793 988 2855 doceantur3
1024 2794 1254 2846 rubricas
1278 2812 1341 2846 ac
1364 2796 1716 2847 caeremonias
1734 2794 2000 2846 Ecclesiae
2016 2792 2262 2860 apprimev

363 2878 586 2927 discant.

506 2962 556 3011 5.
606 2961 672 3010 In
714 2965 876 3012 cantu
912 2962 1261 3015 ecclesiastico
1305 2968 1658 3028 exerceantur,
1706 2967 1985 3031 postquam
2027 2962 2263 3014 theorice

365 3046 661 3096 didicerint.
733 3046 808 3096 Et
830 3050 895 3097 ut
917 3049 1252 3100 uniformitas
1275 3050 1654 3113 introducatur,
1679 3049 1920 3100 volumus
1943 3052 2008 3098 ut
2042 3049 2257 3116 ubique,

366 3131 454 3180 sed
491 3131 721 3181 maxime
753 3131 812 3181 in
846 3132 1099 3202 collegiiS,
1135 3134 1433 3201 ubicunque
1469 3135 1527 3184 in
1550 3135 1711 3185 missa
1735 3138 1791 3184 et
1813 3135 1873 3184 in
1897 3132 2083 3184 officiis
2107 3134 2262 3184 adhi-

366 3216 518 3265 betur
556 3220 740 3267 cantus
786 3217 974 3283 planus
1022 3236 1114 3270 seu
1155 3219 1526 3288 Gregorianus,
1569 3223 1756 3270 cantus
1804 3218 2071 3269 Romanus
2119 3218 2258 3269 solus

367 3300 692 3351 adhibeatur.
767 3298 1038 3353 Orationes
1062 3320 1200 3370 ergo,
1224 3304 1562 3371 responsoria,
1581 3303 1822 3371 epistola,
1847 3301 2181 3371 evangelium
2201 3308 2256 3353 et

368 3384 474 3434 alia
495 3384 814 3450 hujusmodi,
838 3391 995 3452 prout
1017 3389 1077 3437 in
1110 3387 1485 3440 Caeremoniali
1517 3390 1894 3456 episcopom,
1925 3388 2011 3439 vel
2045 3388 2104 3438 in
2136 3387 2256 3438 aliis

369 3468 687 3517 authenticis
709 3468 856 3519 libris
880 3472 1122 3535 traditur,
1147 3478 1415 3524 canantur.
1471 3474 1622 3525 Idem
1641 3475 1925 3524 dicendum
1939 3475 2006 3525 de
2021 3474 2259 3535 rubricis,

371 3556 426 3602 et
443 3552 780 3602 caeremoniis
799 3554 1160 3606 ecclesiasticis
1177 3574 1190 3616 3
1224 3558 1281 3607 in
1299 3558 1490 3625 quibus
1508 3575 1615 3609 non
1627 3575 1721 3626 pro
1735 3559 1906 3609 lubito
1924 3559 2257 3627 adoptandae

368 3638 770 3689 consuetudines
793 3639 1015 3690 aliarum
1039 3643 1334 3707 nationum,
1371 3645 1460 3695 sed
1496 3645 1879 3695 adhaerendum
1913 3646 2092 3695 stricte
2127 3645 2259 3696 defi-

370 3724 661 3774 nitionibus
704 3728 759 3774 et
795 3726 1007 3794 reguliS,
1049 3731 1122 3792 et,
1163 3730 1245 3780 his
1283 3731 1663 3795 deficientibus,
1704 3731 1887 3783 usibus
1924 3736 1980 3783 et
2020 3733 2170 3799 praxi
2199 3731 2254 3784 S.

374 3810 636 3862 Romanae
661 3811 940 3863 Ecclesiae.
