2534 4374
500 542 582 601 60
1078 557 1243 600 coNC.
1286 556 1454 598 PRov.
1497 557 1723 599 WEsTM.
1766 559 1807 599 1.

496 709 713 761 consilio
764 707 1017 775 Capituli,
1053 706 1322 757 Ecclesiae
1372 706 1663 774 seligantur
1710 707 1997 759 nonnullae
2038 725 2172 776 quae
2217 709 2393 779 magis

484 799 651 863 raptae
675 793 921 844 videntur
942 796 1007 843 ut
1031 792 1099 842 ad
1123 793 1289 842 instar
1312 792 1670 858 paroeciarum
1694 791 1874 843 haberi
1898 793 2118 860 possint.

637 878 714 928 Iis
737 876 998 928 ordinario
1021 875 1358 943 praeficiatur
1373 874 1568 927 Recto‘r
1590 874 2003 941 missio‘narius,
2019 879 2113 945 qui
2128 878 2393 931 Ecclesiae

492 969 549 1016 et
595 964 892 1013 animarum
940 978 1121 1012 curam
1180 965 1331 1030 gerat
1390 961 1840 1028 quemadmodum
1901 963 2094 1013 caeteri
2141 962 2394 1017 Ecclesiis

492 1049 691 1100 ibidem
714 1046 1032 1115 praepositi:
1069 1049 1310 1097 attamen
1335 1051 1705 1114 permanenter
1727 1047 2012 1099 institutus
2035 1047 2306 1100 habeatur.

635 1134 701 1184 In
744 1133 1048 1184 dioecesana
1086 1131 1297 1200 Synodo
1333 1130 1629 1199 Episcopus
1677 1133 1915 1201 quinque
1962 1133 2287 1202 presbyteros
2327 1151 2392 1186 ex

490 1219 873 1288 probatissimis
950 1218 1160 1288 seligat,
1237 1218 1332 1286 qui
1411 1215 1870 1270 Commissionem
1942 1217 2392 1286 investigatimzis

491 1305 838 1366 constituant,
862 1306 1021 1371 atque
1039 1319 1177 1354 unus
1201 1320 1266 1354 ex
1288 1301 1373 1353 his
1409 1303 1766 1354 commissioni
1801 1305 1906 1372 ipsi
1938 1321 2031 1372 per
2066 1303 2389 1374 Episcopum

487 1389 836 1458 praeficiatur.

632 1476 874 1527 Rectores
898 1475 1220 1527 Missionarii
1253 1478 1619 1543 permanenter
1642 1475 1886 1526 instituti
1916 1474 2189 1527 definitive
2229 1475 2388 1545 dejici

489 1561 631 1611 haud
654 1562 874 1628 possint,
897 1562 1001 1612 nisi
1037 1561 1208 1612 tribus
1250 1560 1439 1611 saltem
1478 1577 1543 1611 ex
1583 1563 1874 1611 memorata
1917 1561 2286 1612 commissione
2319 1561 2389 1612 ad
2478 1582 2481 1585 ·

489 1661 671 1696 causae
696 1662 916 1696 examen
940 1645 1213 1708 adhibitis,
1232 1648 1391 1713 atque
1416 1661 1598 1697 eorum
1622 1645 1842 1697 consilio
1866 1649 2100 1713 accepto·

631 1731 733 1782 His
756 1747 876 1781 vero
900 1731 1079 1781 relatis
1103 1732 1161 1781 in
1185 1730 1419 1800 generali
1446 1729 1499 1782 S.
1521 1729 1578 1782 C.
1599 1734 1863 1782 conventu
1882 1730 2067 1782 habito
2091 1731 2180 1782 die
2197 1732 2388 1799 quinta

488 1817 682 1867 mensis
704 1815 923 1883 Aprillis
952 1816 1107 1879 1852,
1126 1814 1551 1869 Eminentissimi
1574 1815 1758 1873 Patres
1781 1816 1848 1867 iis
1871 1832 2007 1883 quae
2025 1820 2388 1884 proponuntur

487 1900 827 1952 annuendum
851 1903 1180 1951 censuerunt.

631 1985 1005 2036 Sanctissimus
1063 2001 1186 2036 vero
1245 1984 1505 2037 Dominus
1563 1983 1756 2037 Noster
1814 1986 1874 2037 in
1944 1985 2219 2037 audientia
2277 1986 2385 2038 diei

484 2070 521 2122 6
554 2070 788 2137 Aprillis,
824 2071 1010 2121 audita
1050 2070 1301 2121 relatione
1324 2087 1417 2138 per
1440 2069 1835 2138 infrascriptum
1872 2070 1926 2122 S.
1954 2069 2384 2141 congregationis

487 2157 819 2207 secretarium
843 2155 1097 2220 exhibita,
1121 2157 1437 2207 sententiam
1461 2155 1516 2208 S.
1538 2155 1595 2208 C.
1615 2173 1676 2207 ac
1695 2156 2053 2225 supradictam
2070 2157 2383 2210 methodum

485 2242 730 2309 probavit
753 2258 814 2293 ac
839 2243 1029 2294 servari
1071 2243 1288 2294 interim
1312 2242 1503 2308 voluit,
1527 2243 1800 2295 contrariis
1837 2242 2238 2311 quibuscunque
2274 2260 2382 2296 non

477 2327 833 2379 obstantibus.

624 2408 844 2476 Datum,
868 2413 991 2476 etc„
1014 2411 1081 2461 21
1109 2408 1325 2481 Aprilis,
1354 2412 1508 2463 1852.

1429 2496 1516 2548 Al.
1554 2494 1841 2561 BARNABo,
1877 2493 2232 2551 Secretaaviue.

1376 2858 1478 2912 IX.

635 2985 736 3041 DE
792 2988 1004 3044 MODO
1064 2990 1532 3045 PROCEDENDI
1592 2992 1805 3047 CIRCA
1862 2992 2232 3050 RECTORES

1164 3103 1699 3159 MISSIONARIOS.

977 3248 1103 3291 Dm.
1150 3251 1195 3290 S·
1230 3251 1392 3292 CONG.
1428 3252 1504 3291 DE
1537 3253 1691 3292 PROP.
1728 3253 1877 3295 FIDE.

622 3381 689 3433 In
712 3384 943 3452 generali
969 3384 1023 3438 S.
1050 3384 1485 3456 Congregationis
1509 3394 1772 3442 conventu
1795 3391 1978 3443 habito
2012 3391 2101 3443 die
2125 3395 2157 3443 8
2182 3392 2369 3444 Martii

481 3467 638 3529 1853,
691 3469 946 3520 referente
1013 3470 1453 3524 Eminentissimo
1523 3491 1586 3525 ac
1640 3475 2086 3527 Reverendissimo
2139 3477 2368 3529 Domino

481 3548 745 3602 Cardinali
775 3551 1042 3620 Raphaele
1065 3554 1333 3620 FornariO,
1358 3559 1626 3610 occasione
1649 3562 2022 3629 recognitionis
2046 3565 2283 3612 actorum
2306 3579 2367 3613 ac

479 3634 804 3687 decretorum
841 3637 1038 3706 Synodi
1071 3641 1405 3707 provincialis
1442 3660 1533 3711 per
1567 3634 1792 3714 Angliae
1827 3646 2110 3697 Antistites
2138 3645 2367 3709 habitae,

479 3721 711 3771 examini
735 3738 944 3790 quoque
961 3725 1229 3792 proposita
1247 3730 1329 3778 est
1345 3728 1570 3780 formula
1593 3731 1662 3780 ad
1685 3735 1921 3782 mentem
1947 3731 2142 3798 eipsius
2166 3730 2364 3799 Synodi

469 3803 799 3869 elucubrata,
812 3810 868 3857 et
881 3808 949 3858 ab
967 3808 1399 3863 Eminentissimo
1407 3812 1810 3882 Archiepiscopo
1823 3814 2365 3866 westmonasteriensi
