2534 4374
593 407 1032 452 INDULGENTIAE
1076 411 1151 452 OB
1196 411 1494 454 IMAGINEM
1540 414 1591 455 B.
1625 413 1687 455 M.
1722 414 1774 455 V.
2002 397 2119 455 441

232 556 500 610 Sanctitas
526 556 634 609 Sua
659 562 723 608 ut
759 557 817 606 hi
861 573 1041 608 omnes
1084 562 1370 626 antequam
1414 563 1719 613 canonicam
1764 564 2130 631 possessionen»

231 642 572 693 canonicatus
597 646 653 692 et
678 641 839 692 officii
865 643 1099 710 capiant,
1126 642 1411 696 solemnem
1439 645 1562 697 fidei
1591 648 1956 715 professionem
1975 649 2134 715 juxta

233 726 513 778 formulam
529 743 561 777 a
579 725 634 778 S.
656 726 791 778 Sede
811 729 1184 795 praescriptam
1205 731 1447 782 emittere
1467 732 1708 784 debeant.
1760 731 1928 800 Super
1945 733 2138 799 quibu-1

232 812 479 863 omnibus
514 828 756 880 praesens
781 812 1061 865 Decretum
1086 815 1317 882 expediri
1344 818 1634 868 mandavit.

342 935 544 987 Datum
583 935 785 987 Romae
823 954 903 988 eX.
945 938 1072 988 Aed.
1102 937 1155 990 S.
1184 937 1240 989 C.
1267 938 1332 989 de
1370 939 1714 1009 Propaganda
1759 941 1908 1004 Fide,
1942 942 2028 991 (lie
2074 945 2137 992 15

234 1020 509 1073 Februarii
538 1023 692 1074 1881.

752 1146 1079 1201 JOANNES
1118 1148 1322 1202 CARD.
1361 1150 1691 1214 SIMEONI,
1728 1150 2062 1220 Praefectew.

1119 1263 1173 1315 J.
1212 1264 1483 1328 MASOTTI,
1521 1264 1877 1317 Secretarius.

889 1524 971 1576 IN
974 1525 1278 1578 DULGEN
1282 1526 1453 1577 TIAE

240 1670 319 1727 Ob
354 1671 674 1742 Imaqinem
709 1672 776 1726 B.
802 1673 881 1725 M.
930 1673 991 1726 V.
1030 1672 1096 1726 de
1132 1672 1408 1743 Perpetuo
1447 1670 1733 1724 Succwrsu
1785 1671 1852 1724 in
1897 1670 2139 1723 Ecclesia

860 1757 1179 1812 Cathedrali
1213 1763 1547 1810 veneratam.

935 1903 1095 1956 LEO.
1134 1903 1244 1955 ΡΡ.
1283 1903 1445 1954 XIII.

705 2045 793 2096 AD
829 2045 1174 2096 PERPETUAM
1211 2044 1317 2095 REI
1352 2044 1689 2095 MEMORIAM.

350 2176 503 2241 Cum,
530 2179 688 2230 sicuti
714 2178 881 2230 Nobis
912 2196 1083 2247 nuper
1117 2178 1346 2230 relatum
1372 2182 1469 2241 est,
1495 2178 1554 2229 in
1582 2177 1883 2229 Cathedrali
1909 2178 2143 2229 Ecclesia

241 2263 339 2315 sub
375 2265 540 2316 titulo
583 2265 647 2318 B.
673 2265 876 2316 Mariae
918 2265 1155 2334 Virginis
1192 2265 1257 2316 de
1302 2264 1565 2332 Perpetuo
1610 2263 1869 2314 Succursu
1909 2266 2145 2314 civitatis

239 2349 711 2420 Medioburgensis,
761 2351 1050 2419 exposituri
1100 2350 1210 2401 sint
1247 2350 1548 2419 Imaginem
1599 2350 1855 2418 Deiparae
1910 2351 2144 2418 Virginis

242 2435 340 2486 sub
388 2436 573 2487 eadem
628 2436 965 2488 invocatione
1015 2436 1081 2487 de
1136 2436 1401 2504 Perpetuo
1458 2436 1736 2498 Succursu‚
1785 2435 1867 2485 illi
1914 2436 2143 2486 similem

240 2535 376 2586 quae
425 2519 481 2570 in
529 2520 766 2586 Ecclesia
805 2519 857 2572 S.
899 2518 1159 2588 Alphonsi
1208 2521 1274 2570 de
1320 2519 1459 2570 Urbe
1502 2520 1569 2569 ad
1609 2518 1884 2585 Exquilias
1924 2518 2145 2577 colitur:

241 2602 351 2655 Nos
393 2605 461 2655 ad
495 2605 794 2674 augendam
833 2604 1074 2656 fidelium
1116 2605 1427 2674 religionem
1466 2605 1868 2670 animarumque
1905 2604 2148 2665 salutem,

243 2689 555 2740 coelestibus
611 2689 877 2740 Ecclesiae
916 2689 1176 2741 thesauris
1218 2690 1309 2758 pia
1351 2689 1611 2740 charitate
1655 2688 1872 2750 intenti,
1907 2689 2148 2738 omnibus

244 2785 301 2827 et
325 2775 547 2844 singulis
590 2777 868 2843 utriusque
912 2793 1061 2826 sexus
1103 2774 1565 2838 christifidelibus,
1603 2791 1719 2825 vere
1756 2775 2148 2842 poenitentibus

242 2865 298 2911 et
323 2861 571 2911 confessis
596 2878 657 2911 ac
695 2859 750 2912 S.
779 2859 1162 2912 Communione
1201 2861 1427 2924 refectiS,
1467 2861 1561 2929 qui
1602 2860 1927 2927 supradictas
1969 2860 2149 2910 Eccle-

246 2946 379 2997 siam
429 2950 485 2996 et
527 2946 828 3015 Imaginem
871 2946 958 2997 die
1001 2963 1106 3014 quo
1155 2947 1271 3015 ipsa
1328 2947 1563 3015 primum
1618 2945 1860 3013 publicae
1911 2945 2146 2995 fidelium

249 3031 572 3082 venerationi
613 3035 921 3099 exponetur,
970 3035 1089 3082 tum
1138 3033 1226 3083 die
1276 3032 1542 3084 sollemnis
1590 3031 1894 3099 hujusmodi
1949 3032 2151 3097 exposi-

248 3116 411 3167 tionis
471 3117 842 3180 anniversario,
902 3134 964 3169 ac
1026 3117 1311 3169 Dominica
1383 3122 1508 3168 ante
1575 3117 1769 3167 festum
1834 3114 2151 3166 Nativitatis

250 3200 305 3253 S.
343 3201 564 3252 Joannis
590 3202 883 3270 Baptistae,
907 3221 1013 3271 qua
1057 3204 1254 3254 festum
1299 3203 1534 3271 ejusdem
1576 3201 1629 3252 S.
1659 3201 1932 3268 Imaginis,
1970 3201 2150 3250 habita

250 3287 523 3350 facultate,
571 3287 772 3339 ibidem
834 3289 1200 3351 celebrabitur,
1259 3294 1372 3351 aut,
1435 3305 1495 3339 ea
1544 3286 1824 3337 Dominica
1873 3286 2150 3353 impedita,

251 3372 533 3423 Dominica
568 3372 881 3423 immediate
919 3374 1179 3441 sequenti,
1223 3373 1307 3424 vel
1346 3389 1451 3423 uno
1495 3389 1558 3422 ex
1584 3376 1783 3437 septem
1808 3370 1993 3420 diebus
2031 3388 2158 3420 con-

251 3458 419 3508 tinuis
437 3458 745 3507 immediate
764 3459 1054 3524 respective
1080 3457 1535 3525 subsequentibus,
1554 3456 1621 3505 ad
1641 3455 1895 3521 cujusque
1914 3455 2152 3505 fidelium

253 3543 531 3594 arbitrium
558 3542 658 3592 sibi
685 3542 927 3609 eligendo
954 3543 1179 3612 singulis
1204 3543 1356 3593 annis
1382 3543 1567 3592 devote
1595 3540 1945 3601 visitaverint,
1974 3541 2158 3607 ibique

253 3644 348 3696 pro
375 3625 791 3678 Christianorum
818 3626 1129 3696 Principum
1169 3627 1460 3688 concordia,
1501 3626 1741 3676 haresum
1786 3626 2157 3692 extirpatione,
