2534 4374
373 437 508 498 332
947 455 1109 498 coNc.
1154 455 1322 498 prov.
1367 447 1593 499 wns‘ffl.
1642 458 1720 500 Ν.

377 599 713 666 perspicuum
738 599 826 649 sit.
903 597 1151 650 Ceterum
1175 616 1280 650 non
1308 601 1735 667 praetermittam
1767 603 2132 673 Amplitudini
2163 611 2290 661 tuac

375 684 655 748 inculcare,
691 688 757 734 ut
791 684 871 734 ita
909 700 1035 753 agas
1071 701 1196 734 cum
1229 686 1418 736 ceteris
1442 685 1670 755 Angliae
1695 688 1991 759 EpiscopiS,
2014 709 2120 760 quo
2143 694 2290 745 vide-

377 769 505 819 licet
539 769 783 836 epistola,
807 769 875 819 de
908 784 1013 835 qua
1047 785 1220 836 supra,
1243 774 1301 820 et
1333 771 1588 822 uniformi
1625 773 1829 824 ratione
1865 777 2196 844 concipiatur
2231 783 2289 831 et

372 856 488 921 pari
513 853 882 904 uniformitate
908 854 1208 905 executioni
1233 855 1527 907 mandetur.

519 960 710 1010 Precor
733 959 906 1009 Deum
931 963 996 1010 ut
1020 960 1097 1011 Te
1121 961 1217 1012 diu
1241 962 1494 1030 sospitem
1520 967 1690 1014 servet
1713 933 2155 1036 incolumemque.

518 1087 735 1152 Romae,
755 1105 819 1138 ex
836 1087 1071 1140 Aedibus
1090 1088 1146 1142 S.
1167 1088 1224 1142 C.
1244 1090 1312 1141 de
1329 1090 1485 1158 Prop.
1506 1090 1659 1156 Fide,
1678 1092 1767 1144 die
1791 1094 1824 1146 6
1848 1093 2104 1162 Augustii
2129 1053 2287 1152 1865.

588 1219 889 1288 Amplitud.
915 1221 1078 1286 Tuae,

981 1355 1068 1406 Ad
1091 1355 1264 1408 officia
1291 1359 1674 1425 paratissimus,

1269 1487 1381 1539 AL.
1444 1487 1649 1541 CARD.
1710 1490 2070 1558 BARNABO,

1899 1624 2169 1681 Praefectus.

1367 1762 1442 1814 H.
1481 1762 1736 1828 CAPALTI,
1773 1762 1885 1818 Sec.

372 1951 438 2002 R.
464 1952 526 2004 P.
551 1951 618 2003 D.
644 1951 877 2004 Henrico
901 1952 1168 2017 EduardO,

443 2036 848 2106 Archiepiscopo
885 2037 1452 2090 westmonasteriensi.
1527 2059 1534 2063 ·

1210 2572 1431 2633 XVII.

363 2779 469 2829 'DE
519 2776 1122 2830 EXAMINATORUM
1173 2777 1505 2830 CORPORE
1554 2777 2071 2846 INSTITUENDO,
2122 2771 2276 2850 ETC.

1018 2931 1115 2978 (Ad
1136 2930 1344 2970 Decretum
1371 2931 1541 2980 XVII„
1573 2931 1631 2985 8.)

370 3111 564 3161 ILLME.
599 3121 670 3162 Ac
705 3110 849 3161 RME.
885 3109 1132 3173 DOMINE,

514 3243 659 3304 Quae
693 3243 992 3309 nuperrime
1029 3240 1361 3292 Gubemium
1392 3240 1540 3292 istud
1575 3245 1827 3293 conatum
1859 3246 1941 3294 est
1974 3259 2275 3310 promovere

363 3334 428 3383 in
463 3331 846 3382 detrimentum
882 3328 1171 3379 catholicae
1203 3328 1549 3391 educationis,
1581 3333 1739 3397 atque
1776 3347 1838 3380 eo
1875 3330 1982 3380 fine
2014 3334 2079 3380 ut
2109 3332 2274 3382 etiam

368 3418 429 3468 in
446 3416 640 3486 Anglia
656 3414 959 3483 juventutis
976 3413 1258 3463 instructio
1281 3429 1314 3462 a
1336 3412 1591 3481 religione
1610 3415 1824 3471 omnino
1844 3418 2126 3482 separetur,
2146 3416 2274 3466 satis

370 3518 627 3569 superque
651 3500 939 3551 ostendunt
970 3497 1108 3548 nihil
1139 3497 1200 3548 in
1230 3497 1526 3564 praesentia
1561 3499 1741 3564 potius
1778 3516 1886 3549 esse
1922 3499 2109 3550 debere
2146 3500 2275 3567 Epi-

362 3587 538 3654 scopis
579 3586 736 3636 istius
777 3583 970 3652 Regni,
1012 3598 1174 3650 quam
1218 3587 1284 3632 ut
1324 3583 1538 3651 negotio
1580 3585 1935 3635 institutionis
1984 3585 2274 3637 catholicae

361 3671 663 3741 juventutis
689 3669 969 3720 efficaciter
1004 3667 1321 3719 consulatur.
1397 3667 1568 3729 Quam
1605 3669 1674 3719 ob
1708 3686 1817 3719 rem
1855 3669 2066 3721 SSmuS.
2094 3670 2160 3720 D.
2185 3670 2272 3734 N„
