2534 4374
442 427 564 486 180
991 437 1152 481 οοΝο.
1198 437 1366 480 PRov.
1412 435 1636 478 wner.
1683 435 1773 478 111.

1351 637 1431 689 II.

466 793 564 844 DE
615 790 1080 843 ALTERNATIV
1081 790 1129 840 A
1185 787 1324 840 CAN
1329 786 1769 840 ONIGATUUM
1829 787 2309 842 OOLLATIONE.

635 905 734 955 DE
797 902 1027 954 FESTO
1090 901 1144 953 S.
1209 899 1691 964 ELEUTHERH,
1751 900 2149 954 MARTYRIS.

754 1017 854 1068 DE
903 1008 1133 1068 FES'I‘O
1183 1012 1694 1067 SACRATISSIMI
1743 1013 2022 1068 CORDIS.

431 1197 746 1249 Beatissime
771 1195 948 1259 Pater,

577 1309 870 1362 Cardinalis
906 1307 1346 1376 Archiepiscopus
1382 1307 1961 1361 westmonasteriensis
1998 1313 2055 1362 et
2091 1309 2345 1378 Episcopi

433 1395 764 1465 Suffraganei
789 1394 1014 1463 Angliae
1038 1393 1345 1444 humillime
1369 1397 1566 1462 petunt
1587 1413 1600 1446 ε

579 1484 627 1531 1.
679 1480 758 1531 Ut
803 1479 856 1531 S.
900 1479 966 1530 V.
1010 1478 1238 1548 benigne
1286 1478 1419 1529 velit
1467 1478 1751 1530 Indultum
1799 1479 1868 1530 ad
1917 1478 2347 1547 quinquennium

431 1566 739 1619 Oratoribus
788 1563 1088 1627 concedere,
1138 1564 1194 1614 vi
1241 1563 1392 1632 cujus
1441 1563 1654 1615 valeant
1699 1562 2052 1615 Canonicatus
2101 1569 2347 1615 vacantes

432 1653 635 1703 duobus
659 1650 929 1702 mensibus
955 1648 1009 1700 S.
1035 1648 1288 1699 Pontifici
1312 1650 1588 1701 reservatis
1611 1650 1670 1700 in
1710 1650 1815 1701 suis
1855 1650 2147 1717 respective
2188 1648 2348 1700 Dioe-

431 1738 638 1788 cesibus
663 1737 913 1799 conferre,
937 1735 1229 1786 dummodo
1253 1750 1361 1785 non
1385 1734 1585 1785 fuerint
1613 1733 1665 1786 S.
1686 1734 1940 1786 Pontifici
1964 1753 2028 1786 ex
2052 1735 2159 1785 alio
2183 1734 2348 1785 titulo

432 1840 594 1891 quam
641 1821 854 1891 regulae
902 1821 1168 1872 mensium
1227 1820 1476 1870 reservati
1536 1820 1622 1870 vel
1682 1819 1880 1884 affecti,
1942 1825 1999 1871 et
2060 1821 2348 1871 dummodo

432 1908 707 1959 enunciati
733 1905 987 1974 Episcopi
1012 1922 1128 1955 vere
1152 1904 1433 1955 resideant.

577 1996 628 2044 2.
680 1991 759 2043 Ut
802 1990 856 2043 S.
899 1990 965 2042 V.
1007 1991 1236 2059 benigne
1285 1990 1536 2059 dignetur
1584 1990 1862 2060 indulgere
1911 1994 1977 2041 ut
2025 1990 2248 2042 Festum
2293 1990 2345 2042 S.

433 2078 747 2142 Eleutherii,
773 2076 1052 2127 Pontificis
1077 2081 1132 2126 et
1156 2075 1407 2143 Martyris
1432 2076 1500 2126 ob
1524 2076 1937 2127 coincidentiam
1975 2077 2062 2127 die
2100 2077 2168 2128 26
2208 2075 2346 2126 Maii

431 2182 556 2216 cum
582 2163 636 2215 S.
662 2162 972 2232 Augustini,
996 2162 1290 2229 Anglorum
1324 2161 1567 2228 Apostoli
1611 2161 1789 2225 Festo,
1829 2163 1914 2212 die
1957 2162 2196 2228 proximo
2240 2178 2346 2212 non

433 2249 696 2317 impedito
713 2248 876 2315 juxta
895 2247 1149 2298 Rubricas
1174 2247 1519 2316 designando,
1539 2247 1637 2298 sub
1661 2247 1772 2298 ritu
1791 2247 1998 2314 duplici
2018 2265 2141 2298 cum
2161 2245 2347 2299 Officio

433 2338 491 2386 et
531 2333 696 2384 Missa
738 2338 897 2401 prout
938 2333 998 2383 in
1037 2333 1195 2383 Alma
1238 2332 1381 2384 Urbe
1423 2333 1732 2396 recitantur,
1755 2350 1847 2400 per
1879 2336 2053 2383 totam
2092 2333 2345 2402 Angliam

434 2419 682 2471 celebrari
707 2418 900 2469 valeat.

579 2506 628 2555 3.
678 2503 937 2570 Denique,
976 2505 1042 2555 ut
1085 2502 1139 2553 S.
1183 2501 1249 2553 V.
1294 2518 1358 2552 ex
1399 2501 1734 2569 benignitate
1772 2501 2080 2569 Apostolica
2122 2501 2346 2554 Festum

435 2587 608 2640 SSmi’.
637 2587 818 2639 Cordis
842 2587 877 2638 J
878 2599 983 2638 ΕΒΗ
1007 2588 1075 2638 ad
1099 2588 1265 2637 ritum
1289 2587 1518 2655 duplicis
1545 2588 1802 2639 secundae
1829 2586 2019 2639 Classis
2042 2604 2136 2655 pro
2173 2589 2345 2638 omni-

433 2676 530 2725 bus
553 2675 612 2724 in
636 2673 832 2742 Anglia
855 2671 1112 2722 Divinum
1139 2670 1388 2723 Officium
1411 2672 1760 2723 recitantibus
1783 2672 1986 2723 elevare
2010 2673 2278 2740 dignetur.

578 2757 719 2819 Quas
744 2757 961 2826 gratiaS‚
985 2759 1088 2807 etc.

490 2914 579 2964 Ex
614 2912 935 2962 AUDOENTIA
972 2908 1325 2961 SANcrissml
1360 2920 1571 2960 HABITA
1605 2922 1704 2961 Dm
1740 2913 1808 2961 22
1846 2910 2091 2974 APRHJS,
2133 2911 2289 2962 1860.

581 3023 957 3075 Sanctissimus
1005 3021 1266 3073 Dominus
1320 3021 1510 3073 Noster
1570 3023 1711 3075 PIUS
1771 3024 1954 3075 divina
2012 3025 2345 3092 providentia

435 3114 545 3165 PP.
584 3112 685 3162 IX.
722 3112 977 3162 referente
1009 3127 1097 3160 me
1130 3109 1465 3177 infrascripto
1491 3109 1544 3160 S.
1573 3109 2009 3179 Congregationis
2046 3113 2112 3163 de
2147 3112 2344 3179 Propa-

435 3199 610 3268 ganda
651 3197 789 3248 Fide
832 3195 1138 3258 Secretario,
1164 3195 1364 3245 auditis
1405 3195 1811 3246 resolutionibus
1849 3195 1966 3247 EE.
2007 3196 2116 3247 PP.
2162 3194 2343 3246 Cardi-

434 3285 642 3335 nalium
666 3282 903 3351 ejusdem
929 3279 982 3331 S.
1004 3277 1436 3349 Congregationis
1459 3280 1566 3330 diei
1596 3281 1659 3330 15
1686 3280 1902 3347 Aprilis,
1931 3281 2089 3343 1860,
2112 3280 2342 3349 benigne

434 3369 628 3419 annuit
650 3384 744 3435 pro
769 3366 944 3436 gratia
967 3365 1025 3415 in
1049 3364 1292 3415 omnibus
1308 3363 1469 3431 juxta
1492 3363 1683 3430 petita.
1814 3413 1818 3416 .

578 3453 704 3504 Dat.
748 3451 949 3502 Romae
991 3467 1055 3500 ex
1097 3449 1227 3500 Aed.
1271 3449 1373 3500 dic.
1402 3447 1455 3499 S.
1502 3446 1936 3518 Congregationis
1979 3450 2067 3500 die
2109 3453 2166 3500 et
2203 3467 2340 3500 anno

437 3538 738 3608 praedictis,
803 3600 808 3604 ,
1152 3562 1157 3565 -

581 3622 761 3675 Gratis
785 3621 898 3672 sine
921 3621 1034 3672 ulla
1059 3619 1320 3672 solutione
1344 3636 1675 3688 quocumque
1698 3620 1881 3671 titulo,

582 3728 646 3780 L.
683 3724 755 3797 *¹⁴
791 3726 846 3780 S.
995 3724 1185 3777 CAJET.
1223 3722 1659 3792 Archiepiscopus
1683 3723 1948 3787 THEBAR„
1985 3739 2022 3776 a
2059 3721 2305 3776 Sacratis:
