2534 4374
924 432 1173 474 APPEND.
1218 432 1360 474 xvu.
1967 418 2090 477 333

185 599 280 650 pro
312 586 548 650 patema,
577 599 684 650 qua
720 588 970 651 praestat,
1001 583 1364 635 sollicitudine
1397 590 1641 636 aeternae
1680 584 1865 635 salutis
1904 586 2102 652 Aug-lo-

185 684 304 718 rum
347 666 608 732 fidelium,
647 684 708 719 ac
752 670 1023 738 signanter
1070 668 1504 733 adolescentium,
1548 670 1606 720 in
1655 670 1945 721 Audientia
1995 671 2105 719 diei

188 754 257 802 30
293 752 483 804 Martii
525 770 693 822 nuper
730 755 896 822 elapsi
933 756 1142 806 censuit
1181 755 1240 805 in
1284 755 1513 807 Domino
1556 756 2003 824 praecipiendum,
2042 764 2104 806 ut

186 838 403 889 nomine
436 857 530 890 suo
563 841 1022 892 commendaretur
1054 841 1177 891 Tibi
1223 858 1485 891 sacrorum
1519 842 1844 893 Antistitum
1882 843 2103 893 istarum

186 924 519 978 Dioecesium
539 927 880 995 vigilantiam
905 945 967 978 ac
992 928 1233 978 studium
1260 928 1488 979 excitare
1514 929 1571 978 in
1595 928 1835 996 proximo
1860 933 2014 978 coetu
2039 928 2108 977 ab

186 1011 262 1062 eis
298 1012 557 1076 habendO,
594 1031 699 1081 quo
739 1013 991 1065 videlicet
1033 1013 1091 1064 id
1133 1013 1343 1064 consilii
1387 1014 1629 1081 capiatur
1673 1018 1737 1064 ut
1778 1009 2106 1082 gravioribus

187 1096 362 1160 malis,
386 1114 520 1166 quae
551 1099 610 1150 in
639 1099 943 1172 supradicta
974 1116 1030 1149 re
1067 1100 1257 1150 merito
1295 1099 1572 1162 timentur,
1598 1105 1895 1167 opportune
1929 1116 2109 1149 occur-

187 1188 348 1234 ratur.

333 1269 452 1321 Hac
497 1288 614 1322 vero
664 1272 934 1323 occasione
975 1270 1401 1339 praetermittere
1449 1287 1555 1321 non
1606 1288 1819 1338 possum
1868 1271 2000 1337 quin
2051 1271 2108 1319 in

190 1356 499 1406 memoriam
547 1374 788 1408 revocem
830 1356 1223 1425 Amplitudinis
1265 1356 1412 1406 Tuae
1455 1356 1597 1423 quod
1641 1373 1821 1406 mense
1863 1354 1898 1406 J
1902 1354 2108 1405 anu-arii

195 1440 330 1491 1868
376 1440 533 1491 Sacra
579 1441 706 1492 haec
752 1441 1121 1512 CongregatiO,
1157 1442 1414 1510 probante
1458 1441 1679 1493 Summo
1719 1441 1997 1502 Pontifice,
2032 1458 2112 1490 re-

190 1525 349 1575 solvit
372 1526 511 1576 circa
536 1526 737 1577 initum
763 1527 1045 1579 consilium
1084 1526 1389 1578 Catholicae
1426 1526 1806 1578 Universitatis
1832 1527 1888 1575 in
1915 1525 2110 1593 Angli-a

191 1628 283 1661 suo
320 1616 557 1679 tempore
590 1613 886 1681 erigendae.
963 1612 1183 1665 Scilicet
1217 1616 1455 1663 mentem
1490 1629 1640 1662 suam
1676 1611 1730 1663 S.
1760 1610 2117 1679 Congregatio

191 1698 460 1764 expressit,
494 1703 559 1748 ut
595 1715 719 1748 cum
757 1696 1124 1766 Superioribus
1162 1697 1551 1767 Religiosorum
1589 1696 1850 1747 Ordinum
1890 1697 2111 1764 collegia

190 1782 250 1832 in
298 1783 417 1833 istis
467 1783 802 1834 Dioecesibus
851 1783 1165 1835 habent-ium
1227 1788 1471 1852 ageretur
1519 1800 1625 1850 quo
1676 1783 2112 1833 Examinatoruin

192 1868 501 1920 formaretur
542 1886 728 1937 corpus
767 1870 835 1920 ad
878 1870 1204 1920 academicos
1246 1870 1438 1938 gradus
1481 1869 1836 1930 conferend08‚
1873 1884 1969 1918 nec
2006 1884 2113 1916 non

192 1954 260 2003 ad
284 1953 389 2004 alia
421 1955 681 2022 quaedam
715 1956 1028 2023 praestanda
1064 1956 1258 2023 quibus
1295 1955 1383 2005 via
1420 1955 1489 2005 ad
1522 1954 1729 2021 proprie
1767 1954 1942 2003 dictae
1982 1951 2115 2001 Uni-

193 2039 458 2090 versitatis
495 2040 864 2091 fundationem
903 2045 1236 2092 sterneretur.
1314 2039 1450 2091 Cum
1486 2057 1607 2090 vero
1644 2038 1961 2106 Amplitudo
1999 2036 2114 2086 Tua

193 2124 330 2174 nihil
353 2125 420 2176 de
445 2127 595 2176 exitu
623 2126 828 2195 negotii
867 2126 1026 2194 hujus
1065 2126 1338 2194 hucusque
1379 2126 1775 2195 significaverit,
1810 2124 1967 2191 plane
2006 2139 2114 2172 non

193 2210 384 2261 dubito
439 2212 571 2278 quin
619 2211 910 2278 peculiares
959 2216 1142 2263 contra
1191 2212 1306 2280 ejus
1354 2213 1722 2263 executionem
1773 2210 2117 2260 difficultates

193 2301 402 2347 exortae
445 2298 661 2348 fuerint.
734 2298 905 2365 Atqui
946 2298 1046 2349 Dei
1088 2298 1256 2368 gloria
1305 2303 1469 2365 atque
1519 2298 1819 2348 animarum
1869 2295 2008 2346 salus
2057 2295 2116 2343 in

195 2381 491 2447 praesentia
529 2382 822 2450 postulant,
861 2388 923 2434 ut
963 2384 1102 2434 nihil
1135 2385 1467 2435 intentatum
1493 2383 1823 2448 relinquatur
1847 2398 1952 2448 quo
1978 2379 2022 2447 ej
2032 2397 2118 2429 us-

195 2467 342 2518 modi
367 2467 709 2518 difficultates
733 2474 1062 2536 superentur,
1086 2470 1249 2537 idque
1275 2469 1343 2520 ad
1368 2467 1758 2535 Amplitudinis
1784 2467 1929 2516 Tuae
1954 2471 2115 2531 atque

197 2554 421 2620 Angliae
470 2553 853 2621 Episcoporum
902 2555 1243 2622 prudentiam
1286 2572 1349 2605 ac
1392 2554 1564 2605 zelum
1608 2554 1823 2604 omnino
1867 2553 2121 2620 pertinet.

198 2641 343 2699 Quae
367 2656 492 2689 cum
516 2640 596 2689 ita
622 2638 748 2701 sint,
774 2643 933 2689 tuum
959 2641 1060 2690 erit
1093 2639 1561 2708 comprovinciales
1596 2639 1884 2707 Episcopos
1918 2636 2117 2688 hortari

198 2725 552 2788 vehementer,
571 2730 691 2775 tum
716 2726 784 2776 ad
810 2726 1215 2777 instructionem
1241 2725 1590 2777 scientificam
1612 2726 1686 2775 sic
1705 2724 2117 2792 promovendam

201 2817 261 2860 ut
293 2809 442 2860 laicis
475 2810 708 2877 quilibet
731 2811 1002 2861 auferatur
1025 2816 1330 2878 praetextus
1355 2811 1493 2861 filios
1519 2827 1637 2860 suos
1665 2808 2117 2860 Universitatibus

197 2896 505 2947 acatholicis
530 2897 925 2959 committendi,
950 2901 1069 2947 tum
1087 2898 1268 2957 ,etiam
1302 2898 1371 2948 ad
1407 2896 1700 2947 curandum
1733 2900 1799 2945 ut
1832 2894 2125 2944 Examina-

199 2986 376 3031 torum
416 2998 620 3047 corPUS,
660 2981 727 3031 de
766 2998 871 3048 quo
905 2998 1078 3048 supra,
1104 2982 1495 3041 constituatur3
1533 2981 1601 3030 iis
1631 2980 1882 3030 videlicet
1906 2997 2118 3047 persua-

199 3067 371 3117 dendo
419 3083 451 3116 a
505 3067 696 3134 quibus
751 3067 850 3117 hoc
907 3067 1119 3134 pendet,
1169 3067 1448 3134 quodlibet
1505 3065 1823 3116 sacrificium
1878 3082 2001 3114 cum
2051 3064 2121 3114 de

199 3158 412 3203 aeterna
459 3152 777 3219 populorum
826 3152 995 3202 salute
1044 3152 1226 3220 agitur
1275 3169 1384 3202 esse
1434 3151 1784 3201 subeundum.
1870 3149 2116 3201 Ceterum

200 3237 616 3288 animadvertere
650 3254 758 3288 non
794 3238 1046 3288 omittam
1081 3237 1380 3304 plenarium
1421 3237 1488 3287 ab
1528 3236 1946 3287 Hibernensibus
1986 3236 2118 3302 Epi-

202 3322 371 3389 scopis
395 3322 682 3372 concilium
707 3321 805 3372 hoc
831 3339 968 3372 anno
993 3323 1366 3374 celebrandum
1390 3322 1703 3389 praeparari,
1723 3326 1787 3372 ut
1811 3322 2116 3389 praesertim

201 3409 268 3458 de
306 3406 566 3458 catholica
605 3406 917 3457 educatione
955 3407 1175 3458 consilia
1212 3406 1446 3457 efficacia
1483 3407 1762 3466 ineantur3
1817 3423 1922 3474 qua
1965 3423 2123 3472 super

202 3511 257 3543 re
296 3497 621 3560 opportunae
659 3510 692 3542 a
731 3491 786 3542 S.
827 3491 964 3543 Sede
1002 3493 1376 3543 instructiones
1408 3493 1608 3542 eisdem
1643 3492 1789 3542 brevi
1823 3492 2113 3541 tradentur.

203 3577 355 3628 Nihil
402 3576 571 3644 igitur
619 3577 791 3644 magis
840 3577 1082 3644 expedire
1137 3594 1337 3640 censeo,
1387 3595 1549 3644 quam
1599 3582 1663 3627 ut
1713 3578 2005 3627 industriae
2054 3593 2114 3626 ac

202 3663 381 3713 studia
430 3661 812 3729 Episcoporum
860 3662 1084 3731 Angliae
1133 3668 1296 3730 atque
1347 3662 1637 3714 Hiberniae
1687 3662 2078 3729 conjungantur
2098 3681 2117 3712 τ
