2534 4374
471 399 600 459 246
1040 417 1203 459 cone.
1252 416 1420 459 PRov.
1466 416 1690 459 wner.
1737 417 1811 458 1v.

466 562 822 614 determinare
847 566 1107 630 quantum
1133 562 1293 628 spatii
1333 563 1391 612 in
1429 562 1646 613 ecclesia
1684 563 1909 612 liberum
1948 563 2020 613 sit
2056 562 2372 629 pauperibus
2408 590 2410 593 >

469 647 893 714 relinquendum.

615 735 664 784 3.
705 733 922 784 Scholae
964 733 1293 796 missionum,
1343 732 1498 783 salvis
1536 732 1795 801 legitimis
1842 732 2163 800 regularium
2210 733 2373 800 privi-

471 817 663 885 legiis,1
711 817 1009 868 visitationi
1035 817 1319 884 episcopali
1360 818 1731 885 subjiciuntur,
1754 822 1874 869 tum
1912 819 2083 885 quoad
2120 818 2372 869 fabricam

464 908 526 954 et
560 904 816 965 redditus,
852 907 972 952 tum
1009 904 1181 969 quoad
1218 903 1524 970 disciplinas
1569 906 1625 953 et
1659 903 2011 966 moderamen,
2043 907 2163 954 tum
2198 903 2371 971 quoad

468 989 746 1039 relationes
772 1005 894 1038 cum
921 988 1175 1056 gubernio
1199 988 1365 1039 civili.
1439 988 1662 1039 Fabrica
1694 993 1877 1039 autem
1907 989 2042 1056 ipsa,
2065 988 2271 1056 quoties
2303 989 2371 1039 ad

468 1074 772 1124 missionem
798 1089 903 1123 non
927 1073 1178 1140 pertinet,
1202 1089 1235 1123 a
1259 1074 1568 1125 visitatione
1590 1074 1869 1125 eximenda
1893 1078 1990 1125 est.

1141 1246 1542 1299 DECRETUM
1579 1249 1699 1300 XV.
1756 1253 1760 1255 ’

646 1360 726 1413 De
753 1359 954 1414 Gausis
979 1360 1047 1412 M
1043 1359 1506 1414 atrimonialibus
1530 1362 1607 1414 ad
1637 1362 1852 1416 Forum
1879 1362 2193 1417 Eaetemzum

1160 1445 1593 1516 pertinentibus·

612 1558 873 1620 Quoniam
912 1575 1018 1609 non
1057 1557 1389 1608 obstantibus
1428 1558 1495 1609 iis
1534 1575 1683 1626 quae,
1718 1559 1828 1610 sive
1860 1560 2150 1628 generatim
2173 1561 2232 1611 in
2246 1561 2370 1629 jure

460 1645 574 1696 sive
617 1643 896 1712 speciatim
937 1644 995 1693 in
1039 1641 1288 1694 Conciliis
1335 1644 1526 1694 nostris
1575 1643 1994 1695 Provincialibus
2042 1649 2099 1697 et
2146 1645 2369 1714 Synodis

465 1729 819 1791 DioecesaniS,
861 1728 926 1778 de
964 1727 1310 1778 Matrimonio
1349 1731 1552 1778 statuta
1589 1732 1729 1791 sunt,
1759 1728 2095 1780 incommoda
2127 1745 2370 1781 nonnun-

458 1832 643 1882 quam,
680 1818 736 1865 et
771 1813 1042 1864 interdum
1080 1813 1245 1863 etiam
1285 1813 1467 1881 gravia
1509 1813 1753 1864 scandala
1796 1814 1983 1864 exoriri
2024 1819 2263 1882 possunt,
2306 1832 2370 1866 ex

466 1900 747 1950 inscientia
820 1898 904 1949 vel
975 1898 1278 1948 temeritate
1340 1915 1521 1948 eorum
1573 1899 1667 1966 qui
1717 1916 1897 1950 causas
1953 1901 2368 1952 matrimoniales

464 1989 714 2048 tractant,
739 1984 866 2035 haec
895 2001 1064 2051 pauca
1102 1984 1414 2036 declaranda
1452 2001 1722 2036 censemus
1761 2003 1822 2036 ac
1860 1986 2162 2038 fidelissime
2199 1987 2370 2038 obser-

462 2071 638 2121 vanda
663 2070 1005 2120 decernimus.

611 2159 658 2207 1.
700 2156 1038 2217 Quaestiones
1064 2155 1130 2205 de
1154 2155 1433 2206 validitate
1458 2157 1916 2207 matrimoniorum
1941 2172 2140 2208 causae
2163 2173 2368 2208 nuncu-

464 2246 691 2310 pantur3
728 2258 860 2308 quae
900 2241 968 2291 ad
1005 2241 1175 2290 forum
1212 2244 1488 2292 externum
1525 2242 1682 2292 unice
1705 2243 1991 2309 pertinent,
2015 2242 2083 2293 ab
2106 2243 2366 2294 ordinario

449 2327 687 2396 juridice
735 2326 1179 2378 determinandae.
1266 2326 1351 2377 Ad
1400 2325 1736 2378 Ordinarium
1784 2326 1953 2394 igitur
1998 2327 2366 2378 recurrendum

465 2417 563 2475 est,
599 2411 808 2479 quando
854 2411 1032 2479 agitur
1068 2411 1135 2461 de
1171 2411 1525 2461 matrimoniis
1562 2428 1815 2480 vagorum
1850 2415 1906 2462 et
1936 2416 2262 2474 exterorum3
2299 2413 2367 2464 de

465 2515 601 2551 novo
630 2497 971 2548 matrimonio
1008 2496 1379 2559 contrahendo,
1415 2496 1510 2548 ubi
1547 2497 1688 2546 adsit
1727 2496 1951 2547 dubium
1987 2497 2052 2548 de
2088 2497 2366 2549 validitate

464 2583 794 2634 matrimonii
847 2582 965 2650 jam
1028 2581 1317 2642 contracti3
1385 2582 1449 2632 de
1511 2581 1689 2632 dubiis
1751 2581 2167 2649 quibuscumque
2229 2583 2366 2634 circa

466 2672 691 2720 mortem
734 2668 992 2736 conjugiS,
1034 2668 1118 2719 vel
1162 2667 1300 2718 circa
1332 2667 1558 2718 liberum
1595 2671 1798 2718 statum
1835 2684 2015 2718 eorum
2051 2668 2144 2734 qui
2179 2669 2365 2719 matri-

464 2755 704 2804 monium
730 2753 1031 2804 contrahere
1054 2752 1253 2802 velint:
1292 2753 1361 2803 ad
1396 2751 1734 2803 Ordinarium
1760 2752 1904 2802 enim
1938 2752 2173 2819 pertinet
2196 2753 2364 2804 deter-

464 2841 666 2890 minare
708 2843 890 2889 utrum
934 2838 977 2887 ii
1018 2838 1111 2905 qui
1155 2839 1278 2906 vagi
1327 2838 1578 2888 dicuntur
1624 2854 1798 2887 revera
1846 2838 1968 2904 vagi
2017 2837 2143 2902 sint,
2186 2838 2364 2905 eisque

462 2924 742 2974 >licentiam
779 2923 899 2973 dare
934 2925 998 2972 ut
1034 2921 1436 2972 matrimonium
1472 2920 1816 2981 contrahant;
1865 2921 2031 2988 ipsius
2071 2924 2153 2972 est
2193 2922 2365 2973 deter-

466 3010 668 3060 minare
711 3011 893 3058 utrum
934 3008 1100 3058 exteri
1141 3007 1236 3073 qui
1279 3005 1382 3056 huc
1426 3010 1700 3068 venerunt,
1744 3007 1852 3056 sive
1887 3023 1979 3073 per
2015 3005 2363 3069 domicilium,

466 3096 576 3146 sive
599 3111 692 3162 per
717 3090 1282 3162 quasi-domicilium,
1307 3108 1367 3142 eo
1393 3107 1547 3141 sensu
1570 3107 1673 3157 quo
1699 3108 1730 3140 a
1746 3091 1867 3158 jure
1891 3090 2231 3158 intelligitur,
2257 3092 2363 3142 sive

467 3181 656 3232 saltem
679 3197 772 3248 per
796 3179 1183 3247 delegationem
1208 3177 1275 3228 ab
1301 3176 1574 3228 Ordinario
1588 3170 1593 3175 ’
1608 3175 2052 3239 contrahentium,
2076 3175 2173 3226 sub
2196 3177 2363 3244 ipsius

455 3266 831 3334 jurisdictione
856 3265 982 3315 satis
1007 3263 1429 3321 constituantur3
1472 3261 1530 3310 in
1554 3261 1672 3311 aliis
1697 3262 1914 3311 tandem
1939 3261 2133 3323 dubiis,
2158 3262 2361 3328 siquae

467 3351 576 3401 sint
599 3354 719 3417 post
742 3349 1058 3418 diligentem
1082 3346 1498 3414 inquisitionem,
1519 3345 1678 3395 solius
1703 3344 1966 3395 Ordinarii
1989 3349 2086 3408 est,
2111 3345 2362 3396 instituto

464 3437 650 3496 etiam,
685 3435 728 3485 si
763 3451 893 3501 opus
917 3433 1094 3496 fuerit,
1120 3432 1353 3500 juridico
1389 3448 1646 3505 processu,
1683 3427 1744 3481 ea
1780 3430 2097 3496 perpendere
2128 3434 2186 3481 ct
2211 3430 2360 3498 judi-

465 3522 610 3572 cium
635 3518 989 3587 pronuntiare.

992 3626 1006 3648 ¹
1030 3626 1142 3665 Vide
1160 3625 1359 3664 Arnum.
1381 3623 1482 3674 ΧΙ.,
1504 3625 1613 3664 Nota
1633 3626 1671 3673 2,
1692 3636 1735 3675 p.
1759 3624 1850 3662 312.
