2534 4374
871 490 1117 533 APPESD.
1173 491 1302 534 v111.
1910 476 2035 537 305

1000 823 1186 886 VIII.

220 1022 318 1074 DE
370 1020 868 1073 INTEGRITATE
920 1022 1082 1074 VINI
1136 1024 1217 1075 IN
1267 1024 1484 1078 MISSA
1535 1024 1964 1079 ADHIBENDI.

141 1175 331 1227 ILLME.
370 1185 442 1223 Ac
481 1173 626 1223 RME.
667 1173 912 1236 Dorum),

283 1307 364 1357 Ex
388 1306 536 1356 novis
562 1306 782 1357 humani
808 1308 1011 1376 ingenii
1050 1309 1300 1373 inventiS‚
1327 1311 1517 1378 quibus
1548 1317 1692 1363 aetas
1719 1312 1842 1363 haec
1869 1319 2047 1363 nostra

136 1391 356 1443 caeteris
380 1389 672 1453 antecellit,
696 1391 797 1441 etsi
832 1393 1108 1443 commoda
1144 1393 1423 1462 plusquam
1450 1396 1733 1447 mediocria
1757 1397 2047 1464 percipian-

141 1484 244 1541 tur,
286 1493 464 1541 eorum
508 1480 690 1527 tamen
734 1478 1003 1528 occasione
1045 1478 1238 1530 abusus
1278 1496 1381 1531 non
1423 1481 1597 1548 pauci,
1634 1482 1777 1548 iique
1814 1482 1869 1531 in
1896 1482 2047 1533 rebus

140 1562 476 1633 gravissimis,
501 1578 763 1612 occurrere
789 1561 1270 1629 deprehenduntur.
1348 1563 1482 1616 Cum
1515 1566 1680 1633 igitur
1706 1584 1768 1616 ex
1793 1566 2048 1617 chimicae

140 1647 490 1717 progressibus
527 1663 588 1698 eo
613 1652 833 1697 ventum
871 1647 942 1698 sit
985 1651 1048 1699 ut
1089 1649 1263 1700 multa
1301 1651 1357 1700 in
1383 1656 1602 1700 naturae
1639 1651 2047 1701 similitudinem

138 1736 518 1801 componantur
560 1736 655 1783 aut
696 1731 1062 1797 conficiantur,
1106 1735 1375 1804 contingit
1418 1736 1838 1803 frequentissime
1874 1743 1953 1798 ut,
1990 1737 2046 1787 in

138 1819 438 1887 regionibus
474 1818 784 1885 praesertim
822 1836 1048 1869 uvarum
1084 1821 1307 1887 penuria
1342 1820 1717 1883 laborantibuS‚
1744 1822 1866 1871 vina
1892 1839 2048 1888 quae-

138 1905 264 1956 dam
288 1904 625 1966 fabricentur,
650 1919 788 1970 quae
812 1909 990 1954 musto
1016 1921 1080 1955 ex
1105 1905 1222 1956 uvis
1260 1922 1497 1973 expresso
1535 1907 1757 1958 minime
1787 1913 2047 1957 constant.

141 1990 283 2042 Hinc
308 2006 428 2041 vero
464 1989 638 2057 plures
678 2006 768 2057 per
806 1989 1101 2041 Ecclesiam
1138 1990 1424 2041 Antistites
1464 1991 1595 2041 talia
1632 1996 1865 2042 recenter
1900 1993 2049 2043 edere

134 2075 348 2127 decreta
409 2075 721 2138 debuerunt,
771 2075 965 2142 quibus
1026 2076 1139 2126 vini
1200 2076 1444 2126 artefacti
1505 2093 1630 2127 usus
1690 2077 2051 2144 prohiberetur

134 2162 355 2213 omnino
404 2161 471 2213 ab
520 2160 703 2212 altaris
751 2161 1066 2224 ministeri0‚
1109 2178 1214 2229 quo
1259 2162 1509 2213 videlicet
1557 2162 1742 2213 Divini
1794 2162 2049 2214 Sacrificii

136 2248 429 2311 securitati,
449 2251 515 2297 ut
537 2263 632 2315 par
656 2251 787 2310 erat,
806 2247 1182 2298 consuleretur.
1246 2246 1417 2309 Quam
1443 2248 1658 2315 quidem
1685 2249 1740 2298 in
1768 2266 1895 2310 rem,
1914 2250 2049 2299 sicut

140 2333 198 2383 in
237 2333 353 2400 ipsa
393 2331 534 2384 Urbe
572 2332 755 2383 Emus.
783 2331 1101 2383 Sanctitatis
1139 2331 1278 2384 Suae
1315 2333 1557 2384 Vicarius
1593 2334 1851 2401 quaedam
1877 2334 2051 2403 adsig-

139 2419 291 2469 navit
335 2418 452 2469 loca
494 2418 587 2469 ubi
631 2418 817 2468 vinum
861 2418 924 2468 de
967 2419 1097 2482 vite,
1134 2422 1410 2486 tamquam
1450 2419 1557 2471 tale
1600 2421 1947 2488 recognitum,
1985 2421 2052 2470 ab

141 2503 475 2555 ecclesiarum
517 2505 804 2556 rectoribus
840 2503 1063 2572 aliisque
1089 2504 1443 2556 sacerdotibus
1470 2505 1576 2555 emi
1611 2510 1802 2572 posset,
1829 2505 1906 2555 ita
1932 2505 2051 2555 aliis

139 2589 199 2639 in
223 2589 350 2640 locis
373 2605 435 2640 ea
473 2590 723 2658 Episcopi
765 2590 824 2640 in
868 2590 1116 2641 eumdem
1155 2589 1317 2641 finem
1357 2593 1661 2640 statuerunt
1684 2607 1817 2658 quae
1842 2608 1934 2658 pro
1961 2608 2052 2642 sua

141 2674 422 2743 prudentia
465 2676 710 2743 expedire
743 2675 1072 2743 judicarunt.
1147 2676 1307 2726 Porro
1332 2675 1416 2726 vel
1452 2676 1509 2726 in
1547 2676 1660 2743 ipsa
1699 2676 1940 2726 America
1976 2694 2053 2727 res

143 2759 284 2811 tanti
326 2761 585 2811 momenti
626 2760 1008 2828 Episcoporum
1049 2761 1390 2829 vigilantiam
1434 2777 1536 2811 non
1578 2760 1789 2828 effugit,
1832 2761 2051 2829 ideoque

140 2849 332 2897 notum
355 2849 436 2896 est
461 2844 647 2896 Sacrae
673 2846 796 2896 huic
824 2845 1233 2916 Congregationi
1282 2846 1503 2897 Decreta
1547 2846 1807 2914 quaedam
1844 2846 1900 2896 in
1929 2847 2053 2898 Pro-

144 2929 456 2981 vincialibus
483 2928 735 2981 Conciliis
760 2930 921 2981 fuisse
964 2931 1197 2994 condita,
1234 2936 1298 2982 ut
1342 2936 1611 2982 caveretur
1633 2948 1702 2982 ne
1726 2932 1843 2999 quis
1869 2933 2051 2982 vinum

139 3014 460 3065 artefactum
486 3015 545 3065 in
569 3014 765 3066 Missae
796 3014 1064 3066 Sacrificio
1089 3016 1377 3067 adhiberet.
1453 3015 1889 3083 Quandoquidem
1917 3034 2052 3079 vem,

143 3100 288 3151 hisce
325 3117 433 3152 non
474 3101 826 3164 obstantibuS‚
870 3118 1036 3169 nuper
1072 3119 1104 3152 a
1142 3101 1324 3153 SSmO.
1363 3102 1589 3153 Domino
1627 3101 1817 3152 Nostro
1855 3103 2053 3169 petitae

146 3185 343 3236 fuerint
368 3186 666 3238 sanationes
692 3204 845 3255 super
869 3187 1285 3256 obligationibus
1309 3188 1592 3238 Missarum
1620 3188 1675 3237 in
1701 3187 1892 3253 quibus
1917 3187 2053 3238 bona

144 3270 249 3322 fide
273 3271 460 3323 vinum
486 3277 599 3324 arte
636 3274 937 3324 confectum
982 3274 1153 3325 fuerat
1192 3274 1512 3337 adhibitum,
1538 3273 1732 3324 idcirco
1758 3273 2055 3340 comperuit

149 3354 416 3409 Sanctitas
460 3357 567 3410 Sua
609 3359 935 3410 Antistitum
982 3377 1130 3410 curas
1169 3347 1264 3410 aut
1313 3359 1532 3410 Decreta
1581 3359 1739 3409 finem
1786 3359 2052 3409 intentum

145 3439 290 3493 haud
313 3442 468 3510 plene
492 3448 652 3512 atque
676 3445 876 3512 ubique
899 3444 1134 3496 locorum
1159 3446 1317 3495 fuisse
1342 3449 1636 3495 consecuta.

291 3525 435 3588 Quae
460 3545 583 3579 cum
607 3530 688 3580 ita
713 3529 839 3592 sint,
873 3530 1038 3598 jussit
1082 3529 1427 3580 Beatissimus
1471 3528 1627 3578 Pater
1664 3532 1728 3578 ut
1772 3527 2055 3596 vigilantia

142 3611 388 3662 omnium
412 3629 473 3663 ac
500 3613 829 3683 singulorum
848 3614 1169 3665 Antistitum
1196 3619 1251 3664 et
1270 3613 1598 3663 Vicariorum
1615 3612 2056 3679 Apostolicorum,

143 3711 181 3745 a
216 3695 269 3747 S.
315 3695 733 3766 Congregatione
775 3697 1070 3750 Christiano
1120 3699 1173 3749 N
1175 3698 1341 3750 omini
1383 3697 1718 3766 propagando
1758 3697 2057 3763 praeposita
