2534 4374
427 426 553 486 382
1188 442 1429 486 ADDITIO
1473 442 1562 484 111.

419 595 546 656 sint,
572 598 628 645 et
651 595 720 646 ab
746 595 930 646 eadem
971 593 1208 644 Ecclesia
1247 593 1396 643 nullo
1441 610 1677 660 unquam
1720 597 1955 661 tempore
1993 596 2222 645 amoveri
2246 595 2332 644 vel

419 680 525 746 ipsi
568 679 804 730 recedere
847 683 1132 746 nequeant,
1176 678 1282 728 nisi
1332 679 1485 730 aliter
1534 678 1610 728 eis
1662 678 1932 745 provisum
1974 678 2164 739 fuerit;
2225 677 2335 747 (1110

419 766 584 815 1111110
611 769 674 815 ut
700 765 808 815 suis
847 763 1061 815 Clericis
1099 781 1268 815 sacros
1304 764 1512 815 ordines
1551 764 1826 826 conferret,
1863 781 1902 814 s.
1928 780 2001 816 m.
2029 763 2240 816 Sixtum
2256 752 2334 815 VV.

418 849 754 900 Patriarchae
781 849 1126 900 Venetiarum
1152 849 1436 900 indulsisse
1462 852 1671 899 constat
1694 849 1728 898 ¹.

562 959 658 1009 VI.
709 959 950 1025 Denique
965 959 1160 1009 titulus
1170 958 1238 1009 M
1233 956 1486 1021 issimis,
1496 959 1562 1009 de
1570 975 1675 1026 quo
1683 960 2022 1026 potissimum
2031 959 2149 1010 heic
2165 976 2332 1010 sermo

417 1053 514 1106 est,
529 1044 911 1111 praetermissis
930 1043 1110 1094 titulis
1127 1042 1504 1112 Sufficientiae
1523 1047 1572 1095 et
1590 1042 1822 1111 Colleyii
1841 1043 1997 1114 (quos
2011 1048 2200 1112 utpote
2217 1061 2336 1096 tam

418 1133 746 1180 occurrentes
773 1133 989 1180 tantum
1014 1146 1447 1180 commemorasse
1484 1134 1567 1180 sat
1603 1128 1749 1198 erit),
1776 1129 2018 1181 adhiberi
2042 1131 2330 1194 consuevit,

416 1232 541 1265 cum
564 1213 701 1265 alius
726 1214 1004 1282 legitimus
1029 1215 1224 1266 titulus
1248 1213 1394 1266 haud
1418 1216 1679 1283 suppetit,
1698 1233 1792 1283 pro
1817 1216 1903 1278 iis,
1927 1216 2022 1283 qui
2045 1215 2330 1284 majoribus

416 1300 687 1351 ordinibus
712 1300 922 1351 initiari
945 1301 1174 1368 cupiunt
1210 1304 1275 1351 ut
1310 1301 1734 1368 Apostolicarum
1770 1300 2094 1352 Missionum
2118 1301 2335 1352 servitio

417 1401 526 1435 sese
551 1385 862 1436 devoveant.
937 1385 1003 1436 Id
1037 1390 1220 1436 autem
1257 1402 1412 1454 saepe
1449 1387 1718 1454 contingit
1752 1387 1811 1437 in
1846 1385 1976 1437 locis
1999 1386 2334 1448 missionum,

416 1471 474 1520 in
499 1470 694 1537 quibus
716 1487 779 1521 ea
801 1475 883 1521 est
906 1488 1082 1522 rerum
1107 1472 1364 1535 conditiO,
1387 1477 1451 1524 ut
1485 1489 1766 1523 commune
1790 1471 2062 1523 Ecclesiae
2076 1471 2169 1540 jus
2192 1472 2330 1522 circa

417 1573 496 1620 ea,
521 1574 658 1624 quae
681 1557 750 1608 ad
774 1559 1216 1625 praerequisitum
1240 1575 1335 1626 pro
1369 1576 1512 1610 sacra
1549 1558 1898 1611 Ordinatione
1933 1558 2162 1610 titulum
2185 1575 2335 1627 spec-
2394 1589 2397 1591 -

416 1646 556 1706 tant,
593 1643 785 1693 servari
822 1643 1147 1694 adamussim
1182 1650 1429 1711 nequeat.
1522 1643 1626 1705 Qui
1662 1661 1782 1695 vero
1819 1643 2129 1711 hujusmodi
2165 1641 2331 1693 titulo

417 1727 647 1778 ordinati
669 1732 812 1790 sunt,
831 1729 874 1778 ii
891 1745 956 1779 ex
979 1729 1286 1796 Apostolico
1310 1729 1609 1780 ministerio
1634 1716 1692 1779 111
1711 1728 1984 1791 Μ13310110,
2003 1728 2094 1778 0111
2114 1727 2328 1778 fuerunt

416 1813 636 1875 addicti,
662 1813 730 1863 ad
756 1815 961 1864 victum
986 1815 1274 1865 necessaria
1308 1818 1715 1882 consequuntur.

558 1930 687 1979 VII.
738 1929 842 1980 Sed
857 1930 1190 1998 exploratum
1205 1935 1303 1993 est,
1320 1930 1621 1983 Ordinarios
1645 1929 1862 1982 Clericis
1877 1930 2041 1982 titulo
2059 1929 2329 1981 Missionis

414 2030 521 2065 non
570 2031 717 2081 posse
768 2014 861 2066 SS.
904 2013 1314 2066 Ordinationum
1356 2033 1577 2067 munera
1625 2016 1908 2084 impertiri,
1958 2016 2067 2066 nisi
2115 2014 2333 2083 speciali

416 2098 471 2149 S.
490 2098 640 2150 Sedis
655 2099 869 2151 indulto
882 2101 1083 2151 muniti
1098 2101 1206 2152 sint
1225 2118 1239 2161 ;
1276 2102 1460 2169 agitur
1478 2102 1624 2152 enim
1643 2101 1709 2152 de
1727 2101 1894 2152 titulo
1914 2100 2328 2152 extraordinario

416 2185 510 2250 qui
528 2190 735 2251 praeter
744 2185 836 2252 jus
855 2202 1137 2236 commune
1155 2184 1430 2237 adhibitus
1448 2187 1572 2237 fuit.
1648 2185 1800 2246 Quod
1818 2185 2038 2252 quidem
2054 2183 2329 2235 indultum

416 2270 782 2337 Superioribus
818 2270 1139 2322 Missionum
1178 2276 1275 2322 aut
1315 2270 1670 2341 collegiorum
1708 2289 1799 2323 seu
1846 2269 2329 2338 Congregationum

415 2373 552 2423 quae
575 2355 917 2407 missionibus
941 2358 1259 2420 inserviunt,
1283 2357 1368 2409 vel
1400 2358 1469 2408 ad
1494 2362 1699 2409 certum
1725 2361 1955 2425 tempus,
1980 2355 2067 2406 vel
2089 2355 2159 2406 ad
2181 2370 2332 2421 prae-

415 2441 583 2492 fixum
633 2457 852 2491 casuum
903 2458 1183 2493 numerum
1234 2442 1450 2493 concedi
1501 2442 1651 2493 solet.
1749 2441 2098 2492 Meminerint
2145 2442 2328 2489 autem

417 2524 718 2593 Superiores
768 2543 829 2576 eo
884 2542 1039 2594 parce
1087 2527 1349 2577 utendum
1399 2527 1502 2578 sibi
1550 2543 1690 2577 esse:
1752 2541 1922 2592 neque
1972 2524 2116 2575 enim
2165 2523 2333 2574 titulo

415 2611 687 2661 Missionis
714 2627 895 2661 omnes
919 2612 1116 2678 absque
1140 2612 1349 2662 delectu
1375 2611 1533 2662 sacris
1568 2615 1724 2662 erunt
1761 2609 2048 2662 Ordinibus
2072 2607 2328 2658 initiandi

418 2695 625 2758 Clerici,
675 2697 770 2763 qui
819 2696 888 2746 ad
936 2696 1257 2748 Missionum
1318 2697 1640 2747 curriculum
1694 2695 1990 2746 ineundum
2037 2696 2327 2758 utcumque

419 2781 666 2849 dispositi
703 2780 1002 2831 videantur.
1096 2780 1155 2832 Si
1190 2781 1336 2831 enim
1365 2781 1526 2848 juxta
1564 2799 1604 2830 3.
1642 2779 1799 2830 Pauli
1836 2779 2105 2830 monitum
2140 2793 2332 2829 manus

417 2866 620 2916 nemini
646 2865 755 2915 cito
779 2865 1150 2932 imponendae,
1174 2866 1233 2915 id
1257 2865 1600 2932 potissimum
1625 2864 1785 2926 valet,
1810 2880 1935 2913 cum
1961 2876 2133 2913 sermo
2159 2866 2240 2911 est
2263 2862 2327 2911 de

417 2953 484 3002 iis
509 2952 604 3019 qui
627 2952 686 3002 in
710 2951 936 3001 arduum
960 2950 1239 3018 apostolici
1263 2951 1547 3001 ministerii
1573 2966 1703 3017 opus
1727 2951 2084 2999 assumuntur.
2159 2946 2331 3007 Quare

418 3037 507 3086 hic
542 3035 737 3086 titulus
777 3034 1108 3086 adhibendus
1150 3035 1254 3085 erit
1290 3036 1349 3085 in
1393 3052 1574 3085 eorum
1617 3034 1900 3084 dumtaxat
1943 3032 2194 3094 favorem,
2233 3033 2327 3098 qui

419 3121 587 3172 animi
626 3120 805 3170 indole
844 3124 901 3171 et
943 3119 1238 3183 docilitate,
1279 3120 1598 3170 intentionis
1639 3118 1981 3180 rectitudine,
2023 3117 2328 3184 aptitudine

418 3206 642 3276 ingenii,
667 3206 910 3274 profectu
945 3205 1005 3255 in
1042 3205 1198 3255 sacris
1238 3205 1447 3266 studiis,
1483 3221 1691 3255 morum
1715 3203 2044 3272 integritate,
2069 3219 2131 3252 ac
2154 3219 2326 3252 rerum

418 3292 809 3342 mundanarum
857 3293 1187 3357 contemptu,
1236 3306 1385 3356 spem
1433 3289 1651 3351 faciant,
1696 3305 1804 3339 sese
1847 3291 2083 3338 strenuos
2123 3287 2326 3336 futuros

420 3376 528 3427 fore
575 3374 859 3445 Evangelii
906 3390 1216 3441 praecones3
1279 3390 1432 3441 super
1480 3390 1584 3440 quo
1633 3373 1937 3423 eorumdem
1988 3369 2324 3437 Superioru'm

420 3463 744 3512 conscientia
769 3461 1012 3512 districte
1037 3463 1298 3510 oneratur.

569 3614 585 3635 ¹
605 3612 839 3666 Campanil.
861 3613 1066 3652 Diversor.
1088 3612 1177 3660 jur.
1209 3610 1380 3649 canonio.
1411 3609 1521 3648 rubr.
1554 3610 1577 3647 8
1611 3610 1705 3657 Gap.
1740 3610 1781 3647 4.
1816 3620 1856 3646 n.
1893 3609 1956 3645 14.
1991 3606 2034 3645 et
2063 3603 2232 3645 Gartias
2262 3605 2328 3643 De

419 3682 587 3730 Benqfic.
604 3685 717 3729 part.
742 3681 781 3728 2,
804 3691 889 3727 cap.
916 3680 979 3717 16.
1002 3691 1042 3717 n.
1065 3679 1130 3716 96.
