2534 4374
463 399 587 457 316
1025 419 1184 460 coxo.
1230 419 1401 461 PROV.
1445 418 1664 460 wner.
1708 419 1784 461 ιν.

447 562 796 630 periculum,
819 569 943 616 tum
962 563 1024 616 ob
1036 582 1282 634 pravam
1299 565 1498 618 sobolis
1517 566 1953 620 institutionem.
2014 569 2153 620 Dein
2168 586 2287 620 vero
2301 569 2367 621 in
2459 622 2461 625 ,

458 646 855 700 Ordinarorium
874 651 1182 700 memoriam
1198 656 1409 702 revocat
1427 651 1857 721 antiquissimos
1875 651 2144 716 Ganones‚
2156 669 2363 725 necnon

457 732 780 785 recentiores
818 733 1191 786 Summorum
1238 734 1586 806 Pontificum
1633 736 1959 800 sanctiones,
1997 738 2207 805 quibus,
2235 737 2360 791 -etsi

458 815 685 886 aliquid
710 817 775 869 de
799 817 1077 870 severitate
1110 836 1396 872 canonum
1430 820 1732 873 remissum
1775 820 1866 884 sit,
1905 821 2038 873 adeo
2075 826 2142 874 ut
2177 821 2360 875 mioeta

460 902 725 970 conjugyia
767 905 1103 974 quandoque
1142 898 1568 975 permittantur,
1593 908 1652 958 id
1685 912 1867 957 tamen
1905 905 2172 973 yravibus
2197 905 2373 960 dam·-

461 991 614 1038 taxat
640 987 705 1040 de
730 988 916 1041 causis
941 994 1106 1060 atque
1130 1007 1286 1056 aeyre
1318 989 1629 1043 admodum
1647 991 1742 1059 fit,
1768 1008 1832 1043 ac
1863 990 2103 1043 nonnisi
2137 990 2239 1044 sub
2277 1008 2367 1044 ea>-

454 1087 654 1138 pressa
682 1072 999 1126 conditione
1025 1073 1090 1126 de
1107 1074 1542 1143 praemittendis
1566 1074 1893 1128 necessariis
1920 1075 2375 1146 opportunisque
2466 1071 2481 1101 ³

463 1156 842 1220 cautionibus,
868 1158 937 1212 in
968 1158 1230 1212 naturali
1254 1177 1320 1212 ac
1344 1159 1540 1213 divino
1553 1159 1686 1229 jure
1700 1159 2015 1229 fundatis;
2053 1165 2118 1212 ut
2141 1161 2368 1224 scilicet,
2475 1210 2479 1211 ⁷

462 1258 581 1292 non
605 1242 792 1295 solum
816 1243 1116 1296 catholicus
1142 1244 1346 1313 conjux
1363 1244 1430 1297 ab
1455 1244 1752 1298 acatholico
1769 1244 2013 1315 perverti
2030 1262 2150 1298 non
2164 1244 2374 1316 possit,
2464 1243 2490 1247 ’

464 1326 609 1395 quin
633 1328 750 1380 imo
776 1328 1076 1382 catholicus
1099 1329 1222 1400 ipse
1246 1330 1451 1398 conjux
1474 1330 1650 1383 teneri
1672 1348 1727 1383 se
1745 1330 1885 1384 sciat
1905 1331 1980 1384 ad
1997 1330 2368 1385 acatholicum

457 1430 568 1481 pro
594 1412 809 1466 viribus
835 1413 901 1466 ab
929 1431 1105 1467 errore
1137 1413 1554 1480 retrahendum,
1577 1433 1771 1468 verum
1801 1415 1970 1469 etiam
2001 1421 2069 1469 ut
2100 1414 2378 1469 universa

465 1497 764 1566 utriusque
788 1515 951 1550 sexus
967 1498 1172 1568 proles,
1198 1517 1261 1551 ex
1284 1498 1481 1552 mixtis
1504 1500 1892 1554 matrimoniis
1908 1499 2276 1571 procreanda,
2299 1499 2368 1552 in

465 1582 755 1635 sanctitate
783 1582 1088 1637 Catholicae
1110 1583 1405 1652 reliyionis
1430 1584 1660 1638 educari
1684 1585 1919 1639 omnino
1944 1585 2144 1638 debeat.

612 1668 756 1729 Quae
782 1687 904 1719 cum
928 1670 1009 1719 ita
1028 1670 1155 1732 sint,
1173 1670 1354 1720 mirari
1379 1671 1594 1721 omnino
1613 1671 1801 1722 debuit
1821 1671 1977 1722 Sacra
1994 1671 2123 1722 haec
2143 1669 2380 1740 Congre*

467 1754 633 1823 gatiO,
669 1755 812 1821 quod
847 1755 1117 1805 nonnullis
1153 1755 1339 1818 videri,
1368 1757 1639 1823 praedicta
1676 1757 2050 1820 Instructione,
2075 1755 2376 1824 principiiS,

468 1855 602 1905 quae
629 1856 834 1906 semper
854 1838 1048 1889 Sancta
1070 1839 1226 1891 Sedes
1246 1841 1384 1890 circa
1400 1841 1573 1890 mixta
1590 1841 1853 1892 connubia
1876 1842 2055 1892 tenuit
2080 1859 2141 1892 ac
2167 1841 2380 1903 docuit,

469 1923 648 1995 aliquo
690 1930 848 1979 modo
890 1929 1144 1998 derogari.
1234 1929 1311 1980 Ac
1359 1947 1427 1980 ne
1475 1931 1611 1982 forte
1660 1949 1724 1981 ex
1770 1948 2043 1999 perperam
2093 1931 2370 1986 intellecta
2458 1972 2459 1977 ,
2489 1918 2495 1975 ᾗ

470 2012 828 2064 Instructione
861 2014 973 2076 illa,
997 2031 1133 2081 quae
1157 2018 1339 2065 tamen
1363 2015 1783 2066 luculentissima
1808 2020 1906 2079 est,
1931 2018 2241 2067 commissus
2266 2017 2370 2067 tibi
2465 1998 2476 2008 ⁸

470 2098 696 2165 populus
730 2099 1023 2166 quidquam
1049 2099 1359 2149 detrimenti
1383 2101 1578 2167 capiat,
1597 2101 2015 2152 sollicitudinem
2039 2104 2192 2151 tuam
2217 2101 2372 2151 enixe

471 2183 718 2234 adhortor
754 2185 811 2233 in
847 2183 1093 2246 Domine,
1130 2187 1194 2234 ut
1230 2183 1366 2235 clero
1402 2201 1464 2235 ac
1499 2184 1746 2236 fidelibus
1783 2190 1909 2236 tuae
1949 2185 2178 2236 subditis
2207 2185 2231 2252 j
2238 2202 2380 2236 uns-

471 2269 714 2332 dictioni,
739 2270 866 2320 data
901 2270 1187 2332 occasione,
1212 2286 1389 2320 veram
1427 2267 1695 2321 Ecclesiae
1731 2271 2030 2322 doctrinam
2065 2287 2127 2321 ac
2163 2271 2372 2338 praxim

473 2355 609 2405 circa
631 2355 972 2405 matrimonia
995 2355 1167 2404 mixta
1191 2354 1396 2405 tradere
1420 2358 1583 2422 atque
1607 2354 1873 2406 inculcare
1897 2355 2125 2406 studeas,

618 2439 794 2503 Porr0,
836 2439 1285 2507 quemadmodum
1326 2440 1487 2507 probe
1527 2440 1814 2509 cognosciS,
1856 2441 1925 2491 ad
1967 2441 2371 2491 matrimonium

472 2525 705 2575 mixtum
741 2524 1180 2592 permittendum,
1218 2521 1458 2575 minime
1493 2523 1695 2593 sufficit
1731 2529 1798 2576 ut
1832 2523 2032 2594 sponsi
2068 2522 2382 2587 cautiones,

474 2610 539 2660 de
575 2610 768 2676 quibus
803 2626 976 2677 supra,
1008 2606 1300 2660 admittere
1328 2607 1528 2677 parati
1563 2607 1698 2674 sint,
1732 2626 1949 2662 necnon
1985 2613 2184 2661 ceteras
2220 2608 2382 2660 clau-⁷

473 2693 628 2745 sulas
675 2692 744 2745 in
790 2692 1075 2763 rescriptis
1117 2692 1465 2762 Apostolicae
1505 2692 1665 2746 Sedis
1712 2692 1966 2746 adhiberi
2013 2692 2227 2758 solitas,
2276 2692 2372 2746 sed

476 2778 709 2831 omnino
735 2779 924 2848 justae
956 2796 1253 2848 9ravesque
1288 2779 1658 2848 requirantur
1691 2796 1904 2844 causae,
1929 2783 1994 2830 ut
2017 2779 2242 2830 facultas
2266 2781 2382 2830 dis-

473 2867 727 2934 pensandi
764 2883 918 2934 super
953 2867 1154 2916 mixtae
1185 2866 1570 2917 communionis
1603 2865 1990 2933 impedimento
2013 2865 2163 2915 licite
2187 2881 2382 2915 execu-
2456 2934 2457 2937 Ἴ
2512 2875 2521 2928 j.

474 2953 611 3002 tioni
634 2952 928 3002 mandetur.
1004 2950 1285 3002 Cautiones
1311 2950 1455 3001 enim
1491 2950 1617 3000 illae
1652 2950 1773 3000 ideo
1809 2949 2043 3000 naturali
2079 2939 2367 3016 divino'ilue
2511 2939 2519 2942 '⁵

465 3036 588 3103 jure
625 3035 911 3104 exiguntur
946 3040 1107 3102 atque
1144 3036 1285 3104 exigi
1321 3035 1519 3087 debent
1554 3039 1617 3085 ut
1652 3035 1886 3102 pericula
1922 3034 2210 3085 intrinseca
2235 3026 2371 3102 quae

475 3122 659 3171 mixtis
695 3121 878 3171 insunt
912 3121 1266 3171 matrimoniis
1301 3124 1699 3181 removeantur3
1753 3125 1811 3170 at
1847 3137 1984 3183 vem,
2023 3123 2089 3169 ut
2124 3119 2370 3188 gravibus

475 3206 600 3257 fidei
637 3223 697 3256 ac
743 3223 949 3256 morum
987 3205 1252 3273 periculiS,
1304 3206 1469 3255 etiam
1517 3205 1614 3256 sub
1661 3202 1969 3272 opportunis
2016 3203 2377 3265 cautionibus,

475 3290 655 3340 fideles
693 3307 746 3339 se
783 3305 1038 3356 exponere
1074 3289 1470 3355 permittantur,
1509 3306 1668 3356 grave
1705 3289 1921 3355 aliquod
1956 3288 2378 3350 incommodum,

477 3375 778 3442 ceteroquin
814 3374 956 3423 haud
993 3373 1356 3434 devitandum,
1382 3373 1662 3423 immineat
1685 3388 1895 3422 necesse
1919 3376 2015 3422 est.

621 3458 771 3519 Quod
790 3459 834 3508 si
858 3458 1157 3524 aliquando,
1172 3459 1229 3507 in
1248 3461 1540 3508 memorata
1559 3456 1935 3518 Instructione,
1957 3473 2070 3506 mos
2085 3454 2369 3506 adhibendi

475 3545 640 3594 ritum
677 3560 769 3610 pro
806 3542 1156 3593 matrimoniis
1189 3541 1556 3593 contrahendis
1580 3541 1639 3591 in
1662 3540 1982 3591 Dioecesano
2008 3539 2215 3591 Rituali
2237 3538 2376 3607 legi-

476 3630 610 3678 time
645 3628 1042 3693 praescript-um,
1069 3625 1277 3676 exclusa
1313 3629 1494 3676 tamen
1531 3641 1732 3688 semper
1768 3623 1963 3674 Missae
2001 3623 2374 3686 celebratione,
