2534 4374
903 489 1147 532 APPssND.
1193 490 1270 534 1x.
1902 476 2022 540 307

139 633 453 689 tristissimis
502 632 644 683 hisce
693 631 1018 699 temporibus
1067 633 1282 700 spiritus
1331 634 1510 685 omnia
1559 635 1844 685 innovandi
1893 635 2031 687 haud

141 737 332 791 paucos
356 719 590 780 seducat,
609 722 665 768 et
690 734 751 768 ex
777 734 883 768 una
908 717 1147 768 novitate
1172 718 1228 769 in
1254 718 1414 770 aliam
1442 719 1594 770 facile
1619 720 1826 787 procedi
1852 722 2032 788 possit.

145 808 286 870 Quae
327 822 448 856 cum
487 804 566 854 ita
609 803 735 864 sint,
777 802 980 870 placuit
1018 802 1307 854 Sanctitati
1345 821 1467 855 suae
1505 805 1638 855 mibi
1677 806 1732 855 in
1771 806 2035 856 mandatis

139 893 261 945 dare
284 894 346 941 ut
372 887 617 941 omnibus
645 887 893 938 Bavariae
923 888 1272 940 Antistitibus
1309 907 1401 941 suo
1438 892 1650 941 nomine
1687 890 2034 958 significarem

141 978 210 1030 ab
232 976 359 1044 ipsis
402 974 617 1026 omnino
661 973 950 1023 curandum
990 990 1116 1036 esse,
1154 991 1257 1025 non
1298 974 1465 1025 solum
1493 981 1554 1024 ut
1592 975 1889 1042 praedictus
1914 993 2037 1025 usus

141 1078 374 1131 expresse
416 1058 771 1127 prohibeatur,
810 1059 899 1109 sed
949 1059 1113 1109 etiam
1151 1065 1214 1109 ut
1256 1060 1564 1127 disciplinae
1600 1060 1795 1121 unitas,
1832 1071 1886 1111 et
1925 1078 2038 1127 pcr-

144 1151 281 1202 feeta
317 1162 439 1197 cum
478 1143 712 1195 Ecclesia
756 1143 993 1194 Romana
1035 1145 1272 1194 omnium
1316 1146 1568 1212 magistra
1610 1146 1946 1195 conformitas
1985 1147 2037 1196 in

142 1233 402 1294 omnibus,
426 1249 486 1282 ac
511 1230 730 1299 proinde
756 1230 811 1279 in
849 1229 1038 1280 habitu
1074 1235 1128 1280 et
1172 1235 1384 1280 tonsura
1426 1231 1748 1293 clericorum,
1792 1237 2040 1292 servetur,

145 1321 242 1384 vel,
267 1320 310 1371 si
354 1334 484 1386 opus
528 1316 617 1377 sit,
641 1320 994 1375 restauretur;
1032 1332 1092 1364 ac
1118 1315 1514 1383 qualiscumque
1551 1332 1685 1366 nova
1721 1317 2040 1366 consuetudo

145 1411 368 1468 vetetur,
393 1419 526 1473 quae
552 1400 806 1468 Supremo
847 1399 1114 1450 Ecclesiae
1141 1398 1315 1466 Capiti
1362 1402 1598 1467 apprime
1634 1401 1848 1468 cognita
1884 1407 2040 1467 atque

142 1494 211 1545 ab
235 1492 358 1560 Ipso
382 1488 600 1557 probata
625 1502 729 1537 non
757 1486 842 1536 sit.

285 1577 428 1627 Dum
451 1573 580 1624 haec
606 1570 964 1621 Excellentiae
983 1569 1123 1620 Tuae
1150 1569 1355 1620 Illmae.
1376 1586 1436 1620 ac
1458 1569 1722 1631 Revmae.,
1743 1569 2042 1619 Beatissimi

147 1663 319 1718 Patris
358 1661 512 1729 jussu
561 1674 621 1708 ac
669 1656 901 1718 nomine,
939 1654 1125 1718 scribo,
1162 1654 1325 1705 Illam
1374 1671 1499 1723 rogo
1549 1661 1629 1717 ut,
1667 1672 1749 1704 me
1785 1655 1851 1705 de
1888 1654 2043 1720 hujus

147 1747 414 1819 Epistolae
450 1743 747 1811 receptione
796 1743 1119 1793 instructum
1162 1739 1401 1801 reddens,
1439 1739 1573 1789 mihi
1614 1740 1778 1790 etiam
1816 1739 2045 1789 indicare

148 1835 278 1887 velit
299 1831 430 1901 quid
455 1828 785 1880 Excellentia
810 1827 924 1877 Tua
961 1827 1319 1893 opportunum
1357 1825 1523 1874 facere
1560 1823 1958 1885 existimaverit,
1983 1828 2047 1873 ut

145 1919 440 1990 praedictus
477 1932 620 1977 usuS,
663 1913 707 1964 si
743 1912 877 1963 forte
912 1913 971 1962 in
1006 1911 1112 1962 ista
1146 1909 1387 1960 Dioecesi
1424 1909 1753 1959 manifestari
1791 1908 2044 1974 incoepit,

143 2003 408 2071 extemplo
456 2000 801 2067 relinquatur,
843 2001 1005 2064 atque
1054 1999 1118 2046 ut
1166 1994 1370 2045 nemini
1420 2010 1656 2061 unquam
1705 1994 1761 2043 in
1812 1999 2047 2043 mentem

147 2091 324 2143 veniat
347 2087 503 2138 illum
528 2084 872 2136 introducere.

291 2172 515 2226 Sinceris
538 2170 757 2221 interim
781 2168 1140 2220 observantiae
1165 2172 1221 2217 et
1245 2166 1479 2234 obsequii
1507 2164 1758 2226 sensibus,
1784 2178 2049 2230 persevero

149 2258 505 2312 Excellentiae
529 2256 676 2307 Tuae
700 2254 906 2306 Illmae.
932 2269 994 2304 ac
1019 2251 1267 2304 Revmae.

654 2367 1007 2419 Humillimus
1032 2382 1093 2416 ac
1117 2362 1512 2415 addictissimus
1537 2376 1729 2421 servm,

424 2482 871 2538 MATTHAEUS
928 2475 1404 2538 EUSTACHIUS‚
1441 2474 1617 2525 Arion.
1654 2468 2050 2531 NEo-CAmAR„

1042 2568 1300 2624 Nuntius
1337 2563 1690 2637 Apostolicus
1726 2561 1942 2613 Monac.

267 2733 326 2804 [J
332 2734 474 2798 unio,
502 2730 687 2804 1863.]
