<?xml version="1.0" encoding="UTF-8"?>
<!DOCTYPE html PUBLIC "-//W3C//DTD XHTML 1.0 Transitional//EN"
    "http://www.w3.org/TR/xhtml1/DTD/xhtml1-transitional.dtd">
<html xmlns="http://www.w3.org/1999/xhtml" xml:lang="en" lang="en">
 <head>
  <title>
</title>
<meta http-equiv="Content-Type" content="text/html;charset=utf-8" />
  <meta name='ocr-system' content='tesseract 3.04.00' />
  <meta name='ocr-capabilities' content='ocr_page ocr_carea ocr_par ocr_line ocrx_word'/>
</head>
<body>
  <div class='ocr_page' id='page_1' title='image "a613744800cathuoft_0045.png"; bbox 0 0 2534 4374; ppageno 0'>
   <div class='ocr_carea' id='block_1_1' title="bbox 1092 485 2172 547">
    <p class='ocr_par' dir='ltr' id='par_1_1' title="bbox 1092 485 2172 547">
     <span class='ocr_line' id='line_1_1' title="bbox 1092 485 2172 547; baseline 0 0"><span class='ocrx_word' id='word_1_1' title='bbox 1092 503 1372 547; x_wconf 69' lang='lat' dir='ltr'>mensu.</span> <span class='ocrx_word' id='word_1_2' title='bbox 2090 485 2172 547; x_wconf 85' lang='lat'>2⁷</span> 
     </span>
    </p>
   </div>
   <div class='ocr_carea' id='block_1_2' title="bbox 283 647 2211 2749">
    <p class='ocr_par' dir='ltr' id='par_1_2' title="bbox 285 647 2179 871">
     <span class='ocr_line' id='line_1_2' title="bbox 287 647 2179 718; baseline 0 -20"><span class='ocrx_word' id='word_1_3' title='bbox 287 664 392 699; x_wconf 92' lang='lat' dir='ltr'>non</span> <span class='ocrx_word' id='word_1_4' title='bbox 416 663 448 699; x_wconf 91' lang='lat' dir='ltr'>a</span> <span class='ocrx_word' id='word_1_5' title='bbox 472 650 622 716; x_wconf 88' lang='lat' dir='ltr'>parte</span> <span class='ocrx_word' id='word_1_6' title='bbox 645 647 937 701; x_wconf 87' lang='lat' dir='ltr'>acatholica</span> <span class='ocrx_word' id='word_1_7' title='bbox 962 648 1026 701; x_wconf 91' lang='lat' dir='ltr'>de</span> <span class='ocrx_word' id='word_1_8' title='bbox 1061 648 1417 718; x_wconf 89' lang='lat' dir='ltr'>permittendo</span> <span class='ocrx_word' id='word_1_9' title='bbox 1452 648 1613 701; x_wconf 89' lang='lat' dir='ltr'>libero</span> <span class='ocrx_word' id='word_1_10' title='bbox 1648 647 1892 700; x_wconf 85' lang='lat' dir='ltr'>exercitio</span> <span class='ocrx_word' id='word_1_11' title='bbox 1917 648 2179 717; x_wconf 78' lang='lat' dir='ltr'>religionis</span> 
     </span>
     <span class='ocr_line' id='line_1_3' title="bbox 285 732 2177 803; baseline 0.001 -21"><span class='ocrx_word' id='word_1_12' title='bbox 285 732 427 799; x_wconf 88' lang='lat' dir='ltr'>parti</span> <span class='ocrx_word' id='word_1_13' title='bbox 452 733 773 795; x_wconf 86' lang='lat' dir='ltr'>catholicae3</span> <span class='ocrx_word' id='word_1_14' title='bbox 810 750 843 785; x_wconf 89' lang='lat' dir='ltr'>a</span> <span class='ocrx_word' id='word_1_15' title='bbox 865 738 1016 803; x_wconf 86' lang='lat' dir='ltr'>parte</span> <span class='ocrx_word' id='word_1_16' title='bbox 1033 750 1152 786; x_wconf 88' lang='lat' dir='ltr'>vero</span> <span class='ocrx_word' id='word_1_17' title='bbox 1166 734 1446 798; x_wconf 87' lang='lat' dir='ltr'>catholica,</span> <span class='ocrx_word' id='word_1_18' title='bbox 1463 735 1529 787; x_wconf 91' lang='lat' dir='ltr'>de</span> <span class='ocrx_word' id='word_1_19' title='bbox 1553 735 1882 786; x_wconf 78' lang='lat' dir='ltr'>conversione</span> <span class='ocrx_word' id='word_1_20' title='bbox 1897 734 2177 801; x_wconf 86' lang='lat' dir='ltr'>compartis</span> 
     </span>
     <span class='ocr_line' id='line_1_4' title="bbox 286 816 878 871; baseline 0.01 -6"><span class='ocrx_word' id='word_1_21' title='bbox 286 816 607 869; x_wconf 77' lang='lat' dir='ltr'>acatholicae</span> <span class='ocrx_word' id='word_1_22' title='bbox 632 819 878 871; x_wconf 85' lang='lat' dir='ltr'>curanda.</span> 
     </span>
    </p>

    <p class='ocr_par' dir='ltr' id='par_1_3' title="bbox 283 900 2180 1400">
     <span class='ocr_line' id='line_1_5' title="bbox 431 900 2180 976; baseline 0.001 -23"><span class='ocrx_word' id='word_1_23' title='bbox 431 903 480 953; x_wconf 87' lang='lat'>7.</span> <span class='ocrx_word' id='word_1_24' title='bbox 533 900 667 955; x_wconf 88' lang='lat' dir='ltr'>Cum</span> <span class='ocrx_word' id='word_1_25' title='bbox 702 920 853 972; x_wconf 84' lang='lat' dir='ltr'>saepe</span> <span class='ocrx_word' id='word_1_26' title='bbox 885 903 983 956; x_wconf 87' lang='lat' dir='ltr'>fiat</span> <span class='ocrx_word' id='word_1_27' title='bbox 1013 908 1078 956; x_wconf 95' lang='lat' dir='ltr'>ut</span> <span class='ocrx_word' id='word_1_28' title='bbox 1108 906 1272 957; x_wconf 78' lang='lat' dir='ltr'>exteri</span> <span class='ocrx_word' id='word_1_29' title='bbox 1306 904 1365 956; x_wconf 93' lang='lat' dir='ltr'>in</span> <span class='ocrx_word' id='word_1_30' title='bbox 1389 905 1639 976; x_wconf 88' lang='lat' dir='ltr'>Angliam</span> <span class='ocrx_word' id='word_1_31' title='bbox 1664 905 1879 957; x_wconf 87' lang='lat' dir='ltr'>veniant</span> <span class='ocrx_word' id='word_1_32' title='bbox 1902 904 1968 956; x_wconf 87' lang='lat' dir='ltr'>ad</span> <span class='ocrx_word' id='word_1_33' title='bbox 1994 904 2180 955; x_wconf 90' lang='lat' dir='ltr'>ineun-</span> 
     </span>
     <span class='ocr_line' id='line_1_6' title="bbox 285 986 2179 1059; baseline 0.001 -22"><span class='ocrx_word' id='word_1_34' title='bbox 285 986 416 1038; x_wconf 93' lang='lat' dir='ltr'>dum</span> <span class='ocrx_word' id='word_1_35' title='bbox 435 988 856 1053; x_wconf 73' lang='lat' dir='ltr'>matrimonium,</span> <span class='ocrx_word' id='word_1_36' title='bbox 874 994 1096 1042; x_wconf 88' lang='lat' dir='ltr'>caveant</span> <span class='ocrx_word' id='word_1_37' title='bbox 1114 1007 1442 1059; x_wconf 82' lang='lat' dir='ltr'>summopere</span> <span class='ocrx_word' id='word_1_38' title='bbox 1462 990 1767 1059; x_wconf 85' lang='lat' dir='ltr'>presbytcri,</span> <span class='ocrx_word' id='word_1_39' title='bbox 1785 1006 1852 1041; x_wconf 92' lang='lat' dir='ltr'>ne</span> <span class='ocrx_word' id='word_1_40' title='bbox 1870 996 2179 1040; x_wconf 81' lang='lat' dir='ltr'>concurrant</span> 
     </span>
     <span class='ocr_line' id='line_1_7' title="bbox 284 1073 2176 1145; baseline 0.001 -22"><span class='ocrx_word' id='word_1_41' title='bbox 284 1073 624 1125; x_wconf 88' lang='lat' dir='ltr'>matrimonio</span> <span class='ocrx_word' id='word_1_42' title='bbox 648 1074 706 1125; x_wconf 92' lang='lat' dir='ltr'>in</span> <span class='ocrx_word' id='word_1_43' title='bbox 730 1074 969 1126; x_wconf 90' lang='lat' dir='ltr'>fraudem</span> <span class='ocrx_word' id='word_1_44' title='bbox 1002 1075 1133 1145; x_wconf 90' lang='lat' dir='ltr'>legis</span> <span class='ocrx_word' id='word_1_45' title='bbox 1169 1074 1538 1128; x_wconf 89' lang='lat' dir='ltr'>contrahendo.</span> <span class='ocrx_word' id='word_1_46' title='bbox 1611 1075 1909 1144; x_wconf 85' lang='lat' dir='ltr'>Propterea,</span> <span class='ocrx_word' id='word_1_47' title='bbox 1933 1075 1990 1126; x_wconf 94' lang='lat' dir='ltr'>in</span> <span class='ocrx_word' id='word_1_48' title='bbox 2033 1073 2176 1125; x_wconf 92' lang='lat' dir='ltr'>omni</span> 
     </span>
     <span class='ocr_line' id='line_1_8' title="bbox 283 1157 2178 1229; baseline 0.001 -22"><span class='ocrx_word' id='word_1_49' title='bbox 283 1157 589 1226; x_wconf 91' lang='lat' dir='ltr'>hujusmodi</span> <span class='ocrx_word' id='word_1_50' title='bbox 614 1176 754 1224; x_wconf 89' lang='lat' dir='ltr'>casu,</span> <span class='ocrx_word' id='word_1_51' title='bbox 778 1165 1046 1211; x_wconf 85' lang='lat' dir='ltr'>recurrant</span> <span class='ocrx_word' id='word_1_52' title='bbox 1069 1161 1137 1211; x_wconf 92' lang='lat' dir='ltr'>ad</span> <span class='ocrx_word' id='word_1_53' title='bbox 1160 1161 1464 1229; x_wconf 91' lang='lat' dir='ltr'>episcopum</span> <span class='ocrx_word' id='word_1_54' title='bbox 1486 1179 1498 1211; x_wconf 93' lang='lat'><strong>:</strong></span> <span class='ocrx_word' id='word_1_55' title='bbox 1536 1178 1656 1229; x_wconf 89' lang='lat' dir='ltr'>prae</span> <span class='ocrx_word' id='word_1_56' title='bbox 1681 1160 1847 1212; x_wconf 89' lang='lat' dir='ltr'>oculis</span> <span class='ocrx_word' id='word_1_57' title='bbox 1880 1159 2061 1211; x_wconf 88' lang='lat' dir='ltr'>habita</span> <span class='ocrx_word' id='word_1_58' title='bbox 2086 1176 2178 1226; x_wconf 92' lang='lat' dir='ltr'>pro</span> 
     </span>
     <span class='ocr_line' id='line_1_9' title="bbox 285 1242 2174 1316; baseline 0.001 -23"><span class='ocrx_word' id='word_1_59' title='bbox 285 1242 382 1294; x_wconf 92' lang='lat' dir='ltr'>hoc</span> <span class='ocrx_word' id='word_1_60' title='bbox 426 1260 567 1307; x_wconf 91' lang='lat' dir='ltr'>casu,</span> <span class='ocrx_word' id='word_1_61' title='bbox 608 1261 705 1297; x_wconf 89' lang='lat' dir='ltr'>nec</span> <span class='ocrx_word' id='word_1_62' title='bbox 747 1261 854 1295; x_wconf 94' lang='lat' dir='ltr'>non</span> <span class='ocrx_word' id='word_1_63' title='bbox 892 1262 986 1312; x_wconf 92' lang='lat' dir='ltr'>pro</span> <span class='ocrx_word' id='word_1_64' title='bbox 1028 1246 1380 1298; x_wconf 81' lang='lat' dir='ltr'>matrimoniis</span> <span class='ocrx_word' id='word_1_65' title='bbox 1423 1264 1693 1316; x_wconf 86' lang='lat' dir='ltr'>vagorum,</span> <span class='ocrx_word' id='word_1_66' title='bbox 1734 1247 2077 1299; x_wconf 87' lang='lat' dir='ltr'>instructione</span> <span class='ocrx_word' id='word_1_67' title='bbox 2121 1243 2174 1297; x_wconf 89' lang='lat' dir='ltr'>S.</span> 
     </span>
     <span class='ocr_line' id='line_1_10' title="bbox 287 1327 1202 1400; baseline 0.001 -20"><span class='ocrx_word' id='word_1_68' title='bbox 287 1327 478 1392; x_wconf 89' lang='lat' dir='ltr'>Officii,</span> <span class='ocrx_word' id='word_1_69' title='bbox 504 1330 590 1381; x_wconf 91' lang='lat' dir='ltr'>die</span> <span class='ocrx_word' id='word_1_70' title='bbox 615 1333 679 1381; x_wconf 88' lang='lat'>21</span> <span class='ocrx_word' id='word_1_71' title='bbox 709 1330 846 1400; x_wconf 86' lang='lat' dir='ltr'>Aug.</span> <span class='ocrx_word' id='word_1_72' title='bbox 878 1330 1016 1383; x_wconf 88' lang='grc'>1670</span> <span class='ocrx_word' id='word_1_73' title='bbox 1041 1331 1202 1382; x_wconf 88' lang='lat' dir='ltr'>edita.</span> 
     </span>
    </p>

    <p class='ocr_par' dir='ltr' id='par_1_4' title="bbox 283 1413 2211 2493">
     <span class='ocr_line' id='line_1_11' title="bbox 430 1413 2211 1484; baseline -0.001 -19"><span class='ocrx_word' id='word_1_74' title='bbox 430 1416 481 1466; x_wconf 90' lang='lat'>8.</span> <span class='ocrx_word' id='word_1_75' title='bbox 531 1413 668 1468; x_wconf 84' lang='lat' dir='ltr'>Cum</span> <span class='ocrx_word' id='word_1_76' title='bbox 710 1415 991 1467; x_wconf 89' lang='lat' dir='ltr'>occurrerit</span> <span class='ocrx_word' id='word_1_77' title='bbox 1029 1431 1177 1467; x_wconf 90' lang='lat' dir='ltr'>casus</span> <span class='ocrx_word' id='word_1_78' title='bbox 1219 1415 1591 1484; x_wconf 81' lang='lat' dir='ltr'>impedimenti</span> <span class='ocrx_word' id='word_1_79' title='bbox 1628 1414 2049 1477; x_wconf 75' lang='lat' dir='ltr'>matrimoniaIiS,</span> <span class='ocrx_word' id='word_1_80' title='bbox 2077 1414 2211 1465; x_wconf 85' lang='lat' dir='ltr'>mit-</span> 
     </span>
     <span class='ocr_line' id='line_1_12' title="bbox 285 1499 2180 1568; baseline -0.001 -18"><span class='ocrx_word' id='word_1_81' title='bbox 285 1503 369 1551; x_wconf 88' lang='lat' dir='ltr'>tat</span> <span class='ocrx_word' id='word_1_82' title='bbox 407 1500 639 1551; x_wconf 86' lang='lat' dir='ltr'>sacerdos</span> <span class='ocrx_word' id='word_1_83' title='bbox 681 1500 750 1551; x_wconf 92' lang='lat' dir='ltr'>ad</span> <span class='ocrx_word' id='word_1_84' title='bbox 789 1499 1096 1568; x_wconf 87' lang='lat' dir='ltr'>episcopum</span> <span class='ocrx_word' id='word_1_85' title='bbox 1139 1499 1434 1568; x_wconf 87' lang='lat' dir='ltr'>supplicem</span> <span class='ocrx_word' id='word_1_86' title='bbox 1475 1499 1733 1563; x_wconf 90' lang='lat' dir='ltr'>libellum,</span> <span class='ocrx_word' id='word_1_87' title='bbox 1776 1502 1833 1551; x_wconf 91' lang='lat' dir='ltr'>in</span> <span class='ocrx_word' id='word_1_88' title='bbox 1870 1517 1972 1567; x_wconf 90' lang='lat' dir='ltr'>quo</span> <span class='ocrx_word' id='word_1_89' title='bbox 2002 1516 2180 1550; x_wconf 87' lang='lat' dir='ltr'>casum</span> 
     </span>
     <span class='ocr_line' id='line_1_13' title="bbox 283 1584 2180 1655; baseline -0.001 -19"><span class='ocrx_word' id='word_1_90' title='bbox 283 1590 528 1653; x_wconf 91' lang='lat' dir='ltr'>exponat,</span> <span class='ocrx_word' id='word_1_91' title='bbox 548 1586 627 1636; x_wconf 90' lang='lat' dir='ltr'>ita</span> <span class='ocrx_word' id='word_1_92' title='bbox 645 1591 709 1636; x_wconf 91' lang='lat' dir='ltr'>ut</span> <span class='ocrx_word' id='word_1_93' title='bbox 731 1586 942 1655; x_wconf 78' lang='lat' dir='ltr'>graduS,</span> <span class='ocrx_word' id='word_1_94' title='bbox 967 1586 1051 1637; x_wconf 87' lang='lat' dir='ltr'>vel</span> <span class='ocrx_word' id='word_1_95' title='bbox 1075 1585 1180 1636; x_wconf 89' lang='lat' dir='ltr'>alia</span> <span class='ocrx_word' id='word_1_96' title='bbox 1205 1603 1359 1637; x_wconf 91' lang='lat' dir='ltr'>causa</span> <span class='ocrx_word' id='word_1_97' title='bbox 1383 1586 1442 1637; x_wconf 93' lang='lat' dir='ltr'>in</span> <span class='ocrx_word' id='word_1_98' title='bbox 1466 1602 1570 1653; x_wconf 89' lang='lat' dir='ltr'>qua</span> <span class='ocrx_word' id='word_1_99' title='bbox 1605 1586 1807 1654; x_wconf 90' lang='lat' dir='ltr'>petitur</span> <span class='ocrx_word' id='word_1_100' title='bbox 1843 1584 2180 1652; x_wconf 84' lang='lat' dir='ltr'>dispensati0‚</span> 
     </span>
     <span class='ocr_line' id='line_1_14' title="bbox 284 1670 2183 1739; baseline -0.002 -18"><span class='ocrx_word' id='word_1_101' title='bbox 284 1674 525 1721; x_wconf 87' lang='lat' dir='ltr'>accurate</span> <span class='ocrx_word' id='word_1_102' title='bbox 549 1670 907 1731; x_wconf 86' lang='lat' dir='ltr'>describatur3</span> <span class='ocrx_word' id='word_1_103' title='bbox 945 1670 1209 1738; x_wconf 90' lang='lat' dir='ltr'>simulque</span> <span class='ocrx_word' id='word_1_104' title='bbox 1251 1671 1477 1722; x_wconf 90' lang='lat' dir='ltr'>rationes</span> <span class='ocrx_word' id='word_1_105' title='bbox 1518 1671 1718 1739; x_wconf 89' lang='lat' dir='ltr'>pandat</span> <span class='ocrx_word' id='word_1_106' title='bbox 1753 1670 1820 1721; x_wconf 93' lang='lat' dir='ltr'>ob</span> <span class='ocrx_word' id='word_1_107' title='bbox 1843 1686 1970 1737; x_wconf 90' lang='lat' dir='ltr'>quas</span> <span class='ocrx_word' id='word_1_108' title='bbox 2004 1685 2183 1719; x_wconf 89' lang='lat' dir='ltr'>conce·</span> 
     </span>
     <span class='ocr_line' id='line_1_15' title="bbox 286 1750 2181 1823; baseline -0.002 -17"><span class='ocrx_word' id='word_1_109' title='bbox 286 1755 513 1806; x_wconf 90' lang='lat' dir='ltr'>dendam</span> <span class='ocrx_word' id='word_1_110' title='bbox 538 1760 764 1807; x_wconf 90' lang='lat' dir='ltr'>censeat.</span> <span class='ocrx_word' id='word_1_111' title='bbox 838 1750 990 1817; x_wconf 82' lang='lat' dir='ltr'>Quod</span> <span class='ocrx_word' id='word_1_112' title='bbox 1015 1755 1060 1806; x_wconf 89' lang='lat' dir='ltr'>si</span> <span class='ocrx_word' id='word_1_113' title='bbox 1083 1756 1326 1823; x_wconf 91' lang='lat' dir='ltr'>episcopo</span> <span class='ocrx_word' id='word_1_114' title='bbox 1351 1756 1523 1807; x_wconf 88' lang='lat' dir='ltr'>visum</span> <span class='ocrx_word' id='word_1_115' title='bbox 1548 1755 1710 1806; x_wconf 84' lang='lat' dir='ltr'>fuerit</span> <span class='ocrx_word' id='word_1_116' title='bbox 1742 1753 2181 1822; x_wconf 85' lang='lat' dir='ltr'>dispensationem</span> 
     </span>
     <span class='ocr_line' id='line_1_16' title="bbox 285 1837 2181 1910; baseline -0.002 -19"><span class='ocrx_word' id='word_1_117' title='bbox 285 1842 484 1910; x_wconf 87' lang='lat' dir='ltr'>largiri,</span> <span class='ocrx_word' id='word_1_118' title='bbox 523 1841 606 1892; x_wconf 89' lang='lat' dir='ltr'>vel</span> <span class='ocrx_word' id='word_1_119' title='bbox 648 1841 870 1910; x_wconf 87' lang='lat' dir='ltr'>propriis</span> <span class='ocrx_word' id='word_1_120' title='bbox 913 1840 1258 1892; x_wconf 87' lang='lat' dir='ltr'>facultatibus</span> <span class='ocrx_word' id='word_1_121' title='bbox 1297 1844 1470 1903; x_wconf 80' lang='lat' dir='ltr'>utenS,</span> <span class='ocrx_word' id='word_1_122' title='bbox 1499 1840 1583 1891; x_wconf 90' lang='lat' dir='ltr'>vel</span> <span class='ocrx_word' id='word_1_123' title='bbox 1618 1843 1737 1907; x_wconf 90' lang='lat' dir='ltr'>post</span> <span class='ocrx_word' id='word_1_124' title='bbox 1773 1838 1995 1890; x_wconf 85' lang='lat' dir='ltr'>Sanctae</span> <span class='ocrx_word' id='word_1_125' title='bbox 2033 1837 2181 1889; x_wconf 87' lang='lat' dir='ltr'>Sedis</span> 
     </span>
     <span class='ocr_line' id='line_1_17' title="bbox 285 1923 2181 1994; baseline -0.003 -17"><span class='ocrx_word' id='word_1_126' title='bbox 285 1927 514 1994; x_wconf 90' lang='lat' dir='ltr'>petitam</span> <span class='ocrx_word' id='word_1_127' title='bbox 562 1930 618 1978; x_wconf 89' lang='lat' dir='ltr'>et</span> <span class='ocrx_word' id='word_1_128' title='bbox 665 1927 939 1978; x_wconf 78' lang='lat' dir='ltr'>obtentam</span> <span class='ocrx_word' id='word_1_129' title='bbox 999 1926 1212 1977; x_wconf 87' lang='lat' dir='ltr'>veniam</span> <span class='ocrx_word' id='word_1_130' title='bbox 1266 1924 1332 1994; x_wconf 89' lang='lat' dir='ltr'>(si</span> <span class='ocrx_word' id='word_1_131' title='bbox 1385 1925 1705 1976; x_wconf 86' lang='lat' dir='ltr'>facultatum</span> <span class='ocrx_word' id='word_1_132' title='bbox 1766 1925 1957 1992; x_wconf 91' lang='lat' dir='ltr'>quibus</span> <span class='ocrx_word' id='word_1_133' title='bbox 2016 1923 2181 1991; x_wconf 90' lang='lat' dir='ltr'>pollet</span> 
     </span>
     <span class='ocr_line' id='line_1_18' title="bbox 285 2009 2183 2080; baseline -0.002 -19"><span class='ocrx_word' id='word_1_134' title='bbox 285 2012 487 2063; x_wconf 90' lang='lat' dir='ltr'>limites</span> <span class='ocrx_word' id='word_1_135' title='bbox 511 2011 729 2063; x_wconf 86' lang='lat' dir='ltr'>excedat</span> <span class='ocrx_word' id='word_1_136' title='bbox 753 2011 944 2080; x_wconf 91' lang='lat' dir='ltr'>casus),</span> <span class='ocrx_word' id='word_1_137' title='bbox 963 2012 1091 2079; x_wconf 89' lang='lat' dir='ltr'>ipse,</span> <span class='ocrx_word' id='word_1_138' title='bbox 1116 2027 1210 2079; x_wconf 89' lang='lat' dir='ltr'>per</span> <span class='ocrx_word' id='word_1_139' title='bbox 1234 2028 1286 2062; x_wconf 91' lang='lat' dir='ltr'>se</span> <span class='ocrx_word' id='word_1_140' title='bbox 1311 2014 1405 2061; x_wconf 89' lang='lat' dir='ltr'>aut</span> <span class='ocrx_word' id='word_1_141' title='bbox 1429 2027 1520 2078; x_wconf 86' lang='lat' dir='ltr'>per</span> <span class='ocrx_word' id='word_1_142' title='bbox 1544 2010 1817 2072; x_wconf 85' lang='lat' dir='ltr'>vicarium,</span> <span class='ocrx_word' id='word_1_143' title='bbox 1837 2009 2183 2077; x_wconf 83' lang='lat' dir='ltr'>dispensatio-</span> 
     </span>
     <span class='ocr_line' id='line_1_19' title="bbox 286 2093 2180 2165; baseline -0.003 -17"><span class='ocrx_word' id='word_1_144' title='bbox 286 2114 408 2149; x_wconf 91' lang='lat' dir='ltr'>nem</span> <span class='ocrx_word' id='word_1_145' title='bbox 427 2114 520 2165; x_wconf 88' lang='lat' dir='ltr'>per</span> <span class='ocrx_word' id='word_1_146' title='bbox 537 2097 748 2165; x_wconf 86' lang='lat' dir='ltr'>scripta,</span> <span class='ocrx_word' id='word_1_147' title='bbox 765 2113 888 2147; x_wconf 91' lang='lat' dir='ltr'>cum</span> <span class='ocrx_word' id='word_1_148' title='bbox 907 2096 1152 2147; x_wconf 88' lang='lat' dir='ltr'>omnibus</span> <span class='ocrx_word' id='word_1_149' title='bbox 1168 2095 1414 2146; x_wconf 87' lang='lat' dir='ltr'>clausulis</span> <span class='ocrx_word' id='word_1_150' title='bbox 1433 2111 1465 2145; x_wconf 91' lang='lat' dir='ltr'>a</span> <span class='ocrx_word' id='word_1_151' title='bbox 1479 2095 1601 2163; x_wconf 80' lang='lat' dir='ltr'>jure</span> <span class='ocrx_word' id='word_1_152' title='bbox 1624 2095 1910 2163; x_wconf 81' lang='lat' dir='ltr'>requisitiS,</span> <span class='ocrx_word' id='word_1_153' title='bbox 1929 2093 2180 2145; x_wconf 88' lang='lat' dir='ltr'>sacerdoti</span> 
     </span>
     <span class='ocr_line' id='line_1_20' title="bbox 287 2179 2182 2251; baseline -0.003 -17"><span class='ocrx_word' id='word_1_154' title='bbox 287 2182 611 2251; x_wconf 89' lang='lat' dir='ltr'>supplicanti</span> <span class='ocrx_word' id='word_1_155' title='bbox 634 2182 775 2233; x_wconf 87' lang='lat' dir='ltr'>tradi</span> <span class='ocrx_word' id='word_1_156' title='bbox 799 2181 1024 2245; x_wconf 86' lang='lat' dir='ltr'>curabit,</span> <span class='ocrx_word' id='word_1_157' title='bbox 1049 2198 1173 2232; x_wconf 92' lang='lat' dir='ltr'>cum</span> <span class='ocrx_word' id='word_1_158' title='bbox 1197 2197 1400 2231; x_wconf 82' lang='lat' dir='ltr'>annexa</span> <span class='ocrx_word' id='word_1_159' title='bbox 1434 2179 1621 2231; x_wconf 88' lang='lat' dir='ltr'>scheda</span> <span class='ocrx_word' id='word_1_160' title='bbox 1653 2184 1940 2231; x_wconf 83' lang='lat' dir='ltr'>attestante</span> <span class='ocrx_word' id='word_1_161' title='bbox 1973 2195 2182 2230; x_wconf 91' lang='lat' dir='ltr'>exsecu-</span> 
     </span>
     <span class='ocr_line' id='line_1_21' title="bbox 287 2265 2181 2337; baseline -0.004 -16"><span class='ocrx_word' id='word_1_162' title='bbox 287 2271 489 2321; x_wconf 89' lang='lat' dir='ltr'>tionem</span> <span class='ocrx_word' id='word_1_163' title='bbox 508 2268 931 2337; x_wconf 84' lang='lat' dir='ltr'>dispensationiS.</span> <span class='ocrx_word' id='word_1_164' title='bbox 983 2266 1155 2329; x_wconf 82' lang='lat' dir='ltr'>Quam</span> <span class='ocrx_word' id='word_1_165' title='bbox 1175 2267 1393 2335; x_wconf 89' lang='lat' dir='ltr'>quidem</span> <span class='ocrx_word' id='word_1_166' title='bbox 1418 2267 1667 2329; x_wconf 79' lang='lat' dir='ltr'>sacerdOS,</span> <span class='ocrx_word' id='word_1_167' title='bbox 1686 2283 1718 2316; x_wconf 90' lang='lat' dir='ltr'>a</span> <span class='ocrx_word' id='word_1_168' title='bbox 1742 2283 1794 2317; x_wconf 92' lang='lat' dir='ltr'>se</span> <span class='ocrx_word' id='word_1_169' title='bbox 1819 2265 2181 2331; x_wconf 82' lang='lat' dir='ltr'>subscriptam,</span> 
     </span>
     <span class='ocr_line' id='line_1_22' title="bbox 284 2349 2182 2423; baseline -0.004 -17"><span class='ocrx_word' id='word_1_170' title='bbox 284 2355 467 2406; x_wconf 92' lang='lat' dir='ltr'>reddet</span> <span class='ocrx_word' id='word_1_171' title='bbox 501 2355 764 2423; x_wconf 91' lang='lat' dir='ltr'>episcopo,</span> <span class='ocrx_word' id='word_1_172' title='bbox 787 2355 846 2405; x_wconf 89' lang='lat' dir='ltr'>in</span> <span class='ocrx_word' id='word_1_173' title='bbox 870 2353 1082 2405; x_wconf 86' lang='lat' dir='ltr'>archivo</span> <span class='ocrx_word' id='word_1_174' title='bbox 1107 2352 1431 2416; x_wconf 87' lang='lat' dir='ltr'>servandam,</span> <span class='ocrx_word' id='word_1_175' title='bbox 1456 2352 1515 2402; x_wconf 91' lang='lat' dir='ltr'>in</span> <span class='ocrx_word' id='word_1_176' title='bbox 1550 2351 1918 2403; x_wconf 89' lang='lat' dir='ltr'>testimonium</span> <span class='ocrx_word' id='word_1_177' title='bbox 1954 2349 2182 2418; x_wconf 85' lang='lat' dir='ltr'>legitimi</span> 
     </span>
     <span class='ocr_line' id='line_1_23' title="bbox 288 2441 636 2493; baseline 0 -2"><span class='ocrx_word' id='word_1_178' title='bbox 288 2441 636 2493; x_wconf 81' lang='lat' dir='ltr'>matrimonii.</span> 
     </span>
    </p>

    <p class='ocr_par' dir='ltr' id='par_1_5' title="bbox 288 2520 2188 2749">
     <span class='ocr_line' id='line_1_24' title="bbox 397 2520 2188 2595; baseline -0.006 -18"><span class='ocrx_word' id='word_1_179' title='bbox 397 2527 446 2577; x_wconf 88' lang='lat'>9.</span> <span class='ocrx_word' id='word_1_180' title='bbox 493 2524 924 2594; x_wconf 89' lang='lat' dir='ltr'>Dispensationes</span> <span class='ocrx_word' id='word_1_181' title='bbox 948 2525 1120 2595; x_wconf 85' lang='lat' dir='ltr'>igitur</span> <span class='ocrx_word' id='word_1_182' title='bbox 1141 2522 1560 2575; x_wconf 86' lang='lat' dir='ltr'>matrimoniales</span> <span class='ocrx_word' id='word_1_183' title='bbox 1595 2536 1869 2588; x_wconf 91' lang='lat' dir='ltr'>nunquam</span> <span class='ocrx_word' id='word_1_184' title='bbox 1902 2520 2022 2569; x_wconf 83' lang='lat' dir='ltr'>viva</span> <span class='ocrx_word' id='word_1_185' title='bbox 2045 2534 2188 2579; x_wconf 86' lang='lat' dir='ltr'>voce,</span> 
     </span>
     <span class='ocr_line' id='line_1_25' title="bbox 288 2602 2185 2679; baseline -0.005 -17"><span class='ocrx_word' id='word_1_186' title='bbox 288 2612 371 2663; x_wconf 88' lang='lat' dir='ltr'>vel</span> <span class='ocrx_word' id='word_1_187' title='bbox 411 2628 504 2679; x_wconf 87' lang='lat' dir='ltr'>per</span> <span class='ocrx_word' id='word_1_188' title='bbox 542 2612 839 2679; x_wconf 84' lang='lat' dir='ltr'>simplicem</span> <span class='ocrx_word' id='word_1_189' title='bbox 881 2611 1186 2679; x_wconf 89' lang='lat' dir='ltr'>epistolam,</span> <span class='ocrx_word' id='word_1_190' title='bbox 1220 2609 1595 2671; x_wconf 89' lang='lat' dir='ltr'>concedantur,</span> <span class='ocrx_word' id='word_1_191' title='bbox 1643 2606 1734 2658; x_wconf 91' lang='lat' dir='ltr'>sed</span> <span class='ocrx_word' id='word_1_192' title='bbox 1778 2622 1871 2674; x_wconf 89' lang='lat' dir='ltr'>per</span> <span class='ocrx_word' id='word_1_193' title='bbox 1907 2602 2185 2656; x_wconf 90' lang='lat' dir='ltr'>formulam</span> 
     </span>
     <span class='ocr_line' id='line_1_26' title="bbox 288 2697 942 2749; baseline -0.002 0"><span class='ocrx_word' id='word_1_194' title='bbox 288 2701 530 2749; x_wconf 87' lang='lat' dir='ltr'>accurate</span> <span class='ocrx_word' id='word_1_195' title='bbox 553 2697 942 2749; x_wconf 84' lang='lat' dir='ltr'>concinnatam.</span> 
     </span>
    </p>
   </div>
   <div class='ocr_carea' id='block_1_3' title="bbox 899 2881 1585 2941">
    <p class='ocr_par' dir='ltr' id='par_1_6' title="bbox 899 2881 1585 2941">
     <span class='ocr_line' id='line_1_27' title="bbox 899 2881 1585 2941; baseline -0.009 -1"><span class='ocrx_word' id='word_1_196' title='bbox 899 2885 1302 2941; x_wconf 80' lang='lat' dir='ltr'>DECRETUM</span> <span class='ocrx_word' id='word_1_197' title='bbox 1366 2881 1585 2934; x_wconf 87' lang='lat' dir='ltr'>XXIII.</span> 
     </span>
    </p>
   </div>
   <div class='ocr_carea' id='block_1_4' title="bbox 861 3012 1619 3089">
    <p class='ocr_par' dir='ltr' id='par_1_7' title="bbox 861 3012 1619 3089">
     <span class='ocr_line' id='line_1_28' title="bbox 861 3012 1619 3089; baseline -0.015 -14"><span class='ocrx_word' id='word_1_198' title='bbox 861 3020 943 3075; x_wconf 93' lang='lat' dir='ltr'>De</span> <span class='ocrx_word' id='word_1_199' title='bbox 978 3016 1296 3089; x_wconf 75' lang='lat' dir='ltr'>Praeceptis</span> <span class='ocrx_word' id='word_1_200' title='bbox 1331 3012 1619 3068; x_wconf 76' lang='lat' dir='ltr'>Ecclesiae.</span> 
     </span>
    </p>
   </div>
   <div class='ocr_carea' id='block_1_5' title="bbox 287 3135 2193 3906">
    <p class='ocr_par' dir='ltr' id='par_1_8' title="bbox 287 3135 2193 3906">
     <span class='ocr_line' id='line_1_29' title="bbox 433 3135 2191 3226; baseline -0.011 -16"><span class='ocrx_word' id='word_1_201' title='bbox 433 3157 483 3209; x_wconf 92' lang='lat'>1.</span> <span class='ocrx_word' id='word_1_202' title='bbox 533 3154 844 3226; x_wconf 90' lang='lat' dir='ltr'>Optandum</span> <span class='ocrx_word' id='word_1_203' title='bbox 859 3153 1076 3223; x_wconf 90' lang='lat' dir='ltr'>quidem</span> <span class='ocrx_word' id='word_1_204' title='bbox 1093 3154 1229 3203; x_wconf 90' lang='lat' dir='ltr'>esset</span> <span class='ocrx_word' id='word_1_205' title='bbox 1251 3153 1315 3200; x_wconf 90' lang='lat' dir='ltr'>ut</span> <span class='ocrx_word' id='word_1_206' title='bbox 1333 3135 1587 3200; x_wconf 79' lang='lat' dir='ltr'>festorum</span> <span class='ocrx_word' id='word_1_207' title='bbox 1603 3142 1931 3197; x_wconf 90' lang='lat' dir='ltr'>observantia</span> <span class='ocrx_word' id='word_1_208' title='bbox 1949 3142 2191 3193; x_wconf 85' lang='lat' dir='ltr'>accurata</span> 
     </span>
     <span class='ocr_line' id='line_1_30' title="bbox 288 3225 2190 3311; baseline -0.012 -15"><span class='ocrx_word' id='word_1_209' title='bbox 288 3244 429 3295; x_wconf 86' lang='lat' dir='ltr'>inter</span> <span class='ocrx_word' id='word_1_210' title='bbox 468 3259 564 3294; x_wconf 88' lang='lat' dir='ltr'>nos</span> <span class='ocrx_word' id='word_1_211' title='bbox 601 3243 839 3311; x_wconf 81' lang='lat' dir='ltr'>vigeret3</span> <span class='ocrx_word' id='word_1_212' title='bbox 892 3239 981 3290; x_wconf 91' lang='lat' dir='ltr'>sed</span> <span class='ocrx_word' id='word_1_213' title='bbox 1024 3255 1148 3288; x_wconf 91' lang='lat' dir='ltr'>cum</span> <span class='ocrx_word' id='word_1_214' title='bbox 1190 3234 1405 3287; x_wconf 91' lang='lat' dir='ltr'>difficile</span> <span class='ocrx_word' id='word_1_215' title='bbox 1449 3234 1521 3284; x_wconf 91' lang='lat' dir='ltr'>sit</span> <span class='ocrx_word' id='word_1_216' title='bbox 1562 3250 1595 3283; x_wconf 91' lang='lat' dir='ltr'>a</span> <span class='ocrx_word' id='word_1_217' title='bbox 1637 3229 1909 3282; x_wconf 88' lang='lat' dir='ltr'>servilibus</span> <span class='ocrx_word' id='word_1_218' title='bbox 1949 3225 2190 3295; x_wconf 91' lang='lat' dir='ltr'>operibus</span> 
     </span>
     <span class='ocr_line' id='line_1_31' title="bbox 289 3310 2193 3390; baseline -0.012 -10"><span class='ocrx_word' id='word_1_219' title='bbox 289 3328 565 3390; x_wconf 89' lang='lat' dir='ltr'>abstinere,</span> <span class='ocrx_word' id='word_1_220' title='bbox 604 3327 673 3378; x_wconf 90' lang='lat' dir='ltr'>iis</span> <span class='ocrx_word' id='word_1_221' title='bbox 720 3325 950 3377; x_wconf 79' lang='lat' dir='ltr'>maxime</span> <span class='ocrx_word' id='word_1_222' title='bbox 999 3322 1095 3390; x_wconf 93' lang='lat' dir='ltr'>qui</span> <span class='ocrx_word' id='word_1_223' title='bbox 1136 3321 1204 3372; x_wconf 89' lang='lat' dir='ltr'>ab</span> <span class='ocrx_word' id='word_1_224' title='bbox 1241 3320 1378 3370; x_wconf 90' lang='lat' dir='ltr'>heris</span> <span class='ocrx_word' id='word_1_225' title='bbox 1420 3315 1835 3384; x_wconf 83' lang='lat' dir='ltr'>protestantibus</span> <span class='ocrx_word' id='word_1_226' title='bbox 1873 3310 2193 3379; x_wconf 89' lang='lat' dir='ltr'>dependent,</span> 
     </span>
     <span class='ocr_line' id='line_1_32' title="bbox 287 3394 2188 3472; baseline -0.012 -6"><span class='ocrx_word' id='word_1_227' title='bbox 287 3414 440 3465; x_wconf 89' lang='lat' dir='ltr'>enixe</span> <span class='ocrx_word' id='word_1_228' title='bbox 464 3411 896 3472; x_wconf 82' lang='lat' dir='ltr'>adlaborandum,</span> <span class='ocrx_word' id='word_1_229' title='bbox 919 3412 985 3459; x_wconf 89' lang='lat' dir='ltr'>ut</span> <span class='ocrx_word' id='word_1_230' title='bbox 1008 3406 1188 3458; x_wconf 92' lang='lat' dir='ltr'>fideles</span> <span class='ocrx_word' id='word_1_231' title='bbox 1212 3406 1281 3455; x_wconf 87' lang='lat' dir='ltr'>iis</span> <span class='ocrx_word' id='word_1_232' title='bbox 1314 3403 1516 3465; x_wconf 84' lang='lat' dir='ltr'>diebuS,</span> <span class='ocrx_word' id='word_1_233' title='bbox 1554 3402 1598 3451; x_wconf 91' lang='lat' dir='ltr'>si</span> <span class='ocrx_word' id='word_1_234' title='bbox 1635 3399 1772 3450; x_wconf 74' lang='lat' dir='ltr'>infra</span> <span class='ocrx_word' id='word_1_235' title='bbox 1808 3394 2188 3448; x_wconf 89' lang='lat' dir='ltr'>hebdomadam</span> 
     </span>
     <span class='ocr_line' id='line_1_33' title="bbox 288 3477 2185 3561; baseline -0.012 -11"><span class='ocrx_word' id='word_1_236' title='bbox 288 3499 505 3561; x_wconf 90' lang='lat' dir='ltr'>cadunt,</span> <span class='ocrx_word' id='word_1_237' title='bbox 524 3497 712 3548; x_wconf 77' lang='lat' dir='ltr'>saltem</span> <span class='ocrx_word' id='word_1_238' title='bbox 729 3494 924 3545; x_wconf 88' lang='lat' dir='ltr'>Missae</span> <span class='ocrx_word' id='word_1_239' title='bbox 940 3493 1205 3543; x_wconf 88' lang='lat' dir='ltr'>assistant.</span> <span class='ocrx_word' id='word_1_240' title='bbox 1261 3489 1338 3539; x_wconf 92' lang='lat' dir='ltr'>Ac</span> <span class='ocrx_word' id='word_1_241' title='bbox 1353 3490 1624 3555; x_wconf 75' lang='lat' dir='ltr'>propterea</span> <span class='ocrx_word' id='word_1_242' title='bbox 1643 3484 1837 3534; x_wconf 89' lang='lat' dir='ltr'>debent</span> <span class='ocrx_word' id='word_1_243' title='bbox 1852 3477 2185 3538; x_wconf 86' lang='lat' dir='ltr'>missionarii,</span> 
     </span>
     <span class='ocr_line' id='line_1_34' title="bbox 290 3566 2187 3650; baseline -0.013 -15"><span class='ocrx_word' id='word_1_244' title='bbox 290 3585 336 3636; x_wconf 89' lang='lat' dir='ltr'>si</span> <span class='ocrx_word' id='word_1_245' title='bbox 359 3582 473 3634; x_wconf 89' lang='lat' dir='ltr'>fieri</span> <span class='ocrx_word' id='word_1_246' title='bbox 496 3584 690 3650; x_wconf 83' lang='lat' dir='ltr'>potest,</span> <span class='ocrx_word' id='word_1_247' title='bbox 714 3579 783 3631; x_wconf 89' lang='lat' dir='ltr'>ad</span> <span class='ocrx_word' id='word_1_248' title='bbox 808 3576 1238 3630; x_wconf 90' lang='lat' dir='ltr'>satisfaciendum</span> <span class='ocrx_word' id='word_1_249' title='bbox 1262 3589 1442 3624; x_wconf 91' lang='lat' dir='ltr'>eorum</span> <span class='ocrx_word' id='word_1_250' title='bbox 1474 3568 1761 3629; x_wconf 88' lang='lat' dir='ltr'>devotioni,</span> <span class='ocrx_word' id='word_1_251' title='bbox 1802 3566 1988 3616; x_wconf 89' lang='lat' dir='ltr'>saltem</span> <span class='ocrx_word' id='word_1_252' title='bbox 2026 3577 2187 3613; x_wconf 87' lang='lat' dir='ltr'>unam</span> 
     </span>
     <span class='ocr_line' id='line_1_35' title="bbox 288 3649 2186 3722; baseline -0.013 -2"><span class='ocrx_word' id='word_1_253' title='bbox 288 3669 510 3720; x_wconf 80' lang='lat' dir='ltr'>Missam</span> <span class='ocrx_word' id='word_1_254' title='bbox 534 3665 770 3717; x_wconf 90' lang='lat' dir='ltr'>diluculo</span> <span class='ocrx_word' id='word_1_255' title='bbox 795 3661 1158 3715; x_wconf 90' lang='lat' dir='ltr'>celebrandam</span> <span class='ocrx_word' id='word_1_256' title='bbox 1182 3675 1376 3710; x_wconf 87' lang='lat' dir='ltr'>curare.</span> <span class='ocrx_word' id='word_1_257' title='bbox 1452 3655 1599 3722; x_wconf 93' lang='lat' dir='ltr'>Ipsos</span> <span class='ocrx_word' id='word_1_258' title='bbox 1625 3657 1805 3703; x_wconf 83' lang='lat' dir='ltr'>autem</span> <span class='ocrx_word' id='word_1_259' title='bbox 1832 3652 2095 3709; x_wconf 86' lang='lat' dir='ltr'>moneant,</span> <span class='ocrx_word' id='word_1_260' title='bbox 2122 3649 2186 3695; x_wconf 88' lang='lat' dir='ltr'>ut</span> 
     </span>
     <span class='ocr_line' id='line_1_36' title="bbox 289 3733 2187 3820; baseline -0.014 -14"><span class='ocrx_word' id='word_1_261' title='bbox 289 3770 396 3806; x_wconf 89' lang='lat' dir='ltr'>non</span> <span class='ocrx_word' id='word_1_262' title='bbox 432 3752 642 3820; x_wconf 89' lang='lat' dir='ltr'>propria</span> <span class='ocrx_word' id='word_1_263' title='bbox 679 3750 1012 3811; x_wconf 88' lang='lat' dir='ltr'>auctoritate,</span> <span class='ocrx_word' id='word_1_264' title='bbox 1052 3747 1141 3798; x_wconf 92' lang='lat' dir='ltr'>sed</span> <span class='ocrx_word' id='word_1_265' title='bbox 1183 3745 1248 3796; x_wconf 93' lang='lat' dir='ltr'>de</span> <span class='ocrx_word' id='word_1_266' title='bbox 1288 3741 1505 3793; x_wconf 90' lang='lat' dir='ltr'>licentia</span> <span class='ocrx_word' id='word_1_267' title='bbox 1545 3737 1846 3799; x_wconf 87' lang='lat' dir='ltr'>sacerdotis,</span> <span class='ocrx_word' id='word_1_268' title='bbox 1879 3733 2107 3803; x_wconf 86' lang='lat' dir='ltr'>negotiis</span> <span class='ocrx_word' id='word_1_269' title='bbox 2131 3734 2187 3781; x_wconf 92' lang='lat' dir='ltr'>et</span> 
     </span>
     <span class='ocr_line' id='line_1_37' title="bbox 291 3830 1268 3906; baseline -0.011 -16"><span class='ocrx_word' id='word_1_270' title='bbox 291 3838 533 3906; x_wconf 89' lang='lat' dir='ltr'>operibus</span> <span class='ocrx_word' id='word_1_271' title='bbox 556 3837 615 3886; x_wconf 90' lang='lat' dir='ltr'>in</span> <span class='ocrx_word' id='word_1_272' title='bbox 639 3835 707 3886; x_wconf 87' lang='lat' dir='ltr'>iis</span> <span class='ocrx_word' id='word_1_273' title='bbox 732 3834 915 3885; x_wconf 91' lang='lat' dir='ltr'>diebus</span> <span class='ocrx_word' id='word_1_274' title='bbox 939 3830 1268 3883; x_wconf 89' lang='lat' dir='ltr'>incumbant.</span> 
     </span>
    </p>
   </div>
  </div>
 </body>
</html>
