2534 4374
384 448 479 509 -80
971 465 1131 506 coNC.
1176 440 1345 506 PRov.
1390 464 1612 506 wEer.
1658 465 1695 506 1.

380 613 956 682 Nottinghamiensem,
990 610 1346 672 Derbiensem,
1381 609 1830 672 Leicestriensem,
1863 628 1960 662 nec
1993 629 2099 664 non
2123 615 2285 664 comi-

384 704 531 750 tatus
555 698 978 748 Lincolm‘ensem
1004 701 1059 746 et
1097 695 1534 757 Rutlandensem,
1558 711 1688 762 quos
1712 711 1744 745 a
1767 695 2016 747 districtu
2040 699 2284 748 orientali

386 801 716 851 separamus3
774 783 928 833 alteri
967 798 1085 832 vero
1129 780 1580 844 Staffordiensem,
1620 780 2036 845 Warwicensem,
2077 783 2285 852 Wigor-

383 872 637 932 niensem,
675 873 730 919 et
764 866 1129 918 Oxoniensem.
1203 866 1442 915 Tandem
1471 865 1530 914 in
1562 865 1810 916 districtu
1844 867 2088 918 orientali
2125 869 2284 920 unica

383 955 484 1004 erit
509 952 817 1019 episcopalis
844 950 1019 1013 SedeS,
1035 967 1167 1015 quae
1187 966 1218 1000 a
1237 949 1710 1001 Northantoniensi
1728 950 1854 1001 urbe
1872 953 2284 1019 nuncupabitur,

383 1039 701 1105 habebitque
739 1053 831 1103 pro
870 1035 1094 1086 dioecesi
1134 1035 1436 1084 districtum
1484 1034 1675 1086 iisdem
1717 1036 1910 1103 quibus
1952 1037 2011 1087 in
2045 1054 2284 1104 praesens

383 1123 646 1174 limitibus
670 1120 972 1182 definitum,
999 1120 1231 1186 exceptis
1257 1123 1438 1170 tamen
1462 1120 1809 1171 comitatibus
1845 1120 2196 1173 Rutlandensi
2228 1128 2285 1175 et

384 1207 771 1277 Lincolniensi,
806 1222 934 1272 quos
984 1204 1314 1271 supradictae
1355 1204 1408 1254 N
1410 1204 1851 1272 ottinghamiensi
1901 1206 2124 1258 dioecesi
2165 1208 2284 1276 jam

383 1292 782 1360 assignavimus,
857 1291 946 1340 Ita
981 1290 1151 1357 igitur
1187 1290 1246 1339 in
1274 1288 1643 1340 florentissimo
1682 1290 1908 1359 Angliae
1940 1308 2101 1361 regno
2125 1293 2284 1344 unica

383 1380 484 1430 erit
508 1377 785 1428 Provincia
811 1374 1162 1426 ecclesiastica
1187 1390 1250 1424 ex
1274 1390 1381 1424 uno
1416 1374 1821 1442 Archiepiscopo
1848 1393 1938 1427 seu
1970 1377 2283 1445 Metropoli-

381 1470 508 1515 tano
531 1462 808 1524 Antistite,
833 1465 889 1511 et
925 1460 1205 1511 duodecim
1242 1460 1517 1528 Episcopis
1541 1460 1687 1511 illius
1712 1461 2051 1530 suffraganeis
2089 1466 2283 1515 consti-

382 1554 537 1610 tuta3
580 1565 802 1616 quorum
827 1547 1018 1598 studiis
1043 1550 1099 1597 et
1112 1545 1472 1614 pastoralibus
1498 1546 1634 1596 curis
1668 1546 1988 1597 catholicam
2021 1548 2133 1599 illic
2169 1566 2282 1600 rem

381 1635 492 1686 Deo
529 1636 690 1685 dante
713 1633 958 1683 uberibus
990 1631 1049 1681 in
1089 1630 1201 1682 dies
1225 1631 1469 1681 auctibus
1493 1629 1925 1697 amplificandam
1950 1633 2280 1686 confidimus.

382 1720 551 1781 Quare
575 1719 740 1769 Nobis
763 1723 819 1768 et
852 1717 1104 1767 Romanis
1129 1715 1480 1767 Pontificibus
1515 1715 1907 1768 Successoribus
1943 1720 2134 1769 nostris
2162 1720 2280 1787 jam

380 1822 522 1856 nunc
554 1807 873 1854 reservatum
910 1801 1152 1852 volumus
1187 1806 1250 1851 ut
1282 1802 1609 1869 provinciam
1645 1803 1817 1869 ipsam
1858 1803 1916 1853 in
1958 1804 2131 1869 plures
2174 1805 2280 1856 dis-

380 1892 687 1959 pertiamus,
711 1893 766 1939 et
791 1904 1076 1957 augeamus
1099 1891 1259 1954 prout
1290 1903 1369 1938 res
1394 1886 1581 1938 tulerit
1604 1886 1939 1939 Dioecesium
1962 1907 2243 1941 numerum
2263 1909 2279 1952 ;

381 1994 443 2027 ac
466 1975 775 2044 generatim,
799 1977 864 2023 ut
888 1972 1335 2040 quemadmodum
1360 1976 1717 2040 opportunum
1749 1973 1810 2023 in
1841 1973 2070 2026 Domino
2106 1976 2281 2027 visum

381 2058 558 2120 fuerit,
619 2073 781 2106 novas
842 2055 1055 2105 illarum
1121 2054 1630 2122 circumscriptiones
1696 2055 1857 2107 libere
1923 2054 2278 2109 decernamus.

381 2145 590 2194 Interea
630 2140 1033 2207 Archiepiscopo
1076 2143 1132 2190 et
1173 2138 1448 2207 Episcopis
1491 2141 1805 2207 supradictis
1844 2142 2175 2205 mandamuS,
2213 2148 2279 2194 ut

379 2229 658 2280 relationes
694 2226 758 2276 de
795 2242 1006 2276 suarum
1035 2224 1391 2275 Ecclesiarum
1417 2229 1562 2275 statu
1595 2226 1663 2275 ad
1700 2225 1948 2276 Nostram
1986 2225 2280 2296 Congrega-

381 2315 582 2378 tionem
607 2310 982 2378 Propagandae
1007 2309 1164 2359 Fidei
1189 2309 1384 2360 debitis
1415 2310 1743 2377 temporibus
1769 2312 2155 2375 transmittant,
2180 2330 2279 2364 nec

382 2398 639 2448 desistant
687 2395 927 2445 eamdem
990 2395 1306 2446 instructam
1354 2395 1568 2446 reddere
1617 2396 1684 2446 de
1731 2395 1800 2446 iis
1843 2397 2104 2460 omnibuS‚
2144 2415 2278 2465 quae

384 2481 646 2549 spirituali
672 2497 880 2530 suarum
905 2479 1085 2529 ovium
1109 2479 1246 2529 bono
1278 2480 1522 2529 noverint
1556 2480 1845 2547 profutura.
1917 2480 2026 2531 Nos
2052 2484 2195 2533 enim
2219 2485 2278 2534 in

380 2568 533 2618 rebus
569 2566 636 2616 ad
660 2564 976 2634 Anglicanas
1000 2564 1262 2615 Ecclesias
1298 2565 1690 2631 pertinentibus
1713 2565 2007 2616 ministerio
2041 2567 2277 2633 ejusdem

383 2651 814 2719 Congregationis
850 2650 935 2700 uti
970 2666 1264 2718 pergemus.
1335 2650 1533 2700 Verum
1570 2651 1628 2700 in
1658 2667 1799 2701 sacro
1826 2649 1962 2702 Cleri
1987 2652 2276 2720 populique

381 2737 656 2804 regimine,
682 2740 842 2804 atque
865 2736 923 2785 in
948 2735 1163 2785 caeteris
1187 2752 1323 2802 quae
1359 2736 1427 2786 ad
1451 2735 1710 2802 pastorale
1735 2735 1966 2786 officium
1989 2738 2274 2803 pertinent,

384 2822 814 2888 Archiepiscopus
839 2825 895 2870 et
918 2820 1168 2887 Episcopi
1194 2820 1420 2887 Angliae
1447 2820 1566 2888 jam
1602 2837 1743 2871 nunc
1768 2820 2010 2871 omnibus
2035 2822 2277 2874 fruentur

379 2907 584 2973 juribus
622 2911 679 2956 et
711 2905 1071 2968 facultatibuS,
1107 2905 1299 2972 quibus
1341 2905 1434 2955 alii
1476 2905 1702 2956 aliarum
1740 2907 1985 2972 gentium
2025 2908 2275 2959 catholici

385 2992 775 3058 Archiepiscopi
817 2995 873 3042 et
915 2990 1167 3057 Episcopi
1206 3007 1270 3040 ex
1311 2990 1581 3041 communi
1620 3007 1879 3040 sacrorum
1917 3007 2178 3043 canonum
2220 2998 2277 3044 et

384 3076 806 3144 Apostolicarum
824 3076 1266 3126 constitutionum
1284 3074 1613 3126 ordinatione
1627 3079 1854 3125 utuntur
1867 3079 1922 3126 et
1939 3077 2023 3126 uti
2038 3083 2274 3142 possunt,

385 3167 545 3228 atque
569 3161 959 3227 obstringentur
981 3159 1177 3226 pariter
1210 3159 1277 3209 iis
1313 3159 1727 3227 obligationibus
1751 3176 1885 3226 quae
1908 3160 2038 3211 alios
2062 3161 2276 3227 Archie-

385 3249 623 3315 piscopos
654 3250 710 3296 et
747 3245 1032 3312 Episcopos
1068 3262 1132 3295 ex
1173 3245 1357 3294 eadem
1381 3245 1651 3294 communi
1684 3245 1974 3296 catholicae
2009 3246 2275 3299 Ecclesiae

388 3331 668 3398 disciplina
715 3330 1068 3398 obstringunt.
1166 3328 1518 3395 Quaecunque
1565 3332 1745 3378 autem
1789 3329 1898 3379 sive
1945 3330 2004 3379 in
2052 3331 2274 3399 antiqua

387 3415 740 3466 Ecclesiarum
764 3414 986 3482 Angliae
1004 3415 1223 3475 ratione,
1243 3414 1350 3463 sive
1363 3413 1423 3463 in
1441 3413 1779 3480 subsequenti
1797 3414 2109 3465 missionum
2128 3421 2273 3467 statu

389 3518 454 3551 ex
478 3499 788 3567 specialibus
812 3498 1297 3561 constitutionibUS,
1320 3502 1416 3548 aut
1438 3497 1746 3565 privilegiiS,
1773 3499 1855 3548 vel
1879 3501 2274 3551 consuetudini-

387 3586 487 3636 bus
510 3583 859 3650 peculiaribus
877 3583 1160 3649 viguerint,
1180 3586 1390 3633 mutata
1403 3599 1544 3632 nunc
1562 3586 1860 3648 temporum
1876 3600 2047 3647 causa,
2061 3585 2269 3635 nullum

389 3669 606 3736 posthac
633 3669 738 3717 sive
754 3668 844 3733 jus
869 3667 977 3716 sive
1002 3666 1379 3734 obligationem
1403 3667 1689 3717 inducent:
1734 3683 1838 3734 qua
1862 3668 1927 3718 de
1950 3685 2005 3718 re
2028 3673 2092 3718 ut
2124 3669 2272 3719 nulla

388 3768 650 3804 remanere
674 3751 937 3801 dubitatio
961 3751 1133 3801 valeat
1156 3750 1264 3802 Nos
1286 3752 1477 3802 iisdem
1500 3751 1609 3801 illis
1633 3751 1981 3818 peculiaribus
2014 3754 2272 3802 constitu-
