2534 4374
988 482 1231 525 APPEND.
1263 484 1319 525 x.
2006 471 2084 531 61

188 628 512 697 transmissu,
590 645 828 697 quaeque
906 630 1213 681 inscribitur
1237 648 1250 681 ε
1342 628 1548 682 Modus
1615 631 1953 701 procedendi
2030 634 2096 686 in

184 712 360 765 consvl-=
375 712 427 765 elo
489 714 761 783 capiendo
819 731 857 768 a
919 713 1169 769 Concilio
1228 713 1699 781 &avecti-(tationis,
1757 716 2098 787 pm'usquam

190 797 442 863 finaliter
466 797 765 867 dejiciatur
788 799 983 853 Rector
997 799 1406 853 Missionarius
1431 803 1830 871 quatuordecim
1861 805 2098 855 articulis

184 884 588 951 comprehensa:
615 886 923 953 quaestione
938 902 1058 937 vero
1073 886 1342 955 proposita
1356 903 1485 937 num
1505 893 1795 939 memorata
1820 888 2099 940 methodus

194 974 331 1021 esset
353 970 622 1037 probanda
649 971 1073 1023 Eminentissimi
1098 988 1160 1023 ac
1194 971 1636 1024 Reverendissimi
1672 972 1856 1025 Patres
1892 991 2099 1042 respon-

186 1054 389 1105 derunt
413 1053 741 1106 affirmative.

339 1135 464 1187 Dat.
491 1135 691 1188 Romae
716 1154 780 1189 ex
795 1136 925 1189 Aed.
952 1137 1008 1190 S.
1029 1136 1087 1190 C.
1105 1138 1169 1189 de
1185 1138 1531 1207 Propaganda
1547 1139 1683 1191 Fide
1701 1140 1831 1191 die4
1852 1141 2098 1209 Augusti,

199 1222 358 1272 1853.

342 1364 390 1415 L
430 1372 484 1425 ᾖ
508 1363 547 1417 S
1013 1293 1067 1346 J.
1094 1294 1199 1345 ΡΗ.
1229 1293 1398 1346 Cum.
1437 1294 1742 1359 ansonn
1766 1294 1955 1366 Praef.

1120 1559 1191 1611 X.

775 1672 1029 1727 MODUS
1078 1672 1546 1728 PROCEDENDI

323 1799 394 1842 m
426 1798 704 1842 CONSILIO
735 1798 1038 1840 CAPIENDO
1070 1799 1112 1840 A
1145 1798 1425 1841 CONCILIO
1457 1801 1988 1847 INV'ESTIGATIONIS

217 1887 574 1935 PRIUSQUAM
610 1886 941 1939 FINALI'JJER
976 1885 1340 1930 DEJICIATUR
1375 1887 1607 1931 RECTOR
1644 1890 2081 1934 MISSIONARIUS.

346 2030 396 2080 1.
446 2027 530 2078 Ad
557 2025 855 2078 Concilium
878 2024 1307 2093 investigationis
1331 2041 1438 2076 non
1473 2030 1783 2090 recurratur,
1819 2028 1922 2078 nisi
1960 2030 2104 2095 prius

195 2114 335 2167 clare
383 2117 440 2165 et
486 2111 720 2181 praecise
769 2111 1009 2178 exposita
1051 2110 1119 2160 ab
1142 2109 1405 2177 Episcopo
1448 2127 1603 2162 causa
1641 2112 1709 2162 ad
1749 2112 2101 2180 dejectionem

198 2199 413 2252 finalem
454 2188 721 2261 movente,
757 2195 872 2264 ipse
909 2198 1078 2246 rector
1119 2195 1478 2247 missionarius
1514 2195 1673 2246 malit
1707 2212 1819 2247 rem
1858 2198 1925 2248 ad
1970 2197 2105 2249 Con-

198 2285 389 2336 cilium
450 2281 660 2345 deferri,
721 2297 884 2349 quam
944 2296 1051 2331 sese
1107 2295 1203 2330 sua
1250 2283 1439 2349 sponte
1485 2295 1520 2330 a
1566 2296 1781 2332 munere
1829 2286 1886 2332 et
1934 2282 2103 2333 officio

199 2370 491 2421 dimittere.

344 2457 395 2505 2.
448 2452 586 2505 Cum
610 2450 877 2520 Episcopo
901 2451 1077 2501 'visum
1101 2449 1264 2500 fuerit
1287 2449 1567 2500 consilium
1605 2466 1789 2518 capere
1812 2468 1845 2501 a
1870 2451 2103 2504 Concilio

198 2534 627 2605 investigationis
652 2533 719 2584 de
741 2536 942 2584 rectore
960 2531 1289 2583 missionario
1308 2530 1542 2583 finaliter
1565 2531 1880 2599 dejiciendO,
1895 2534 2102 2585 Vicario

200 2639 293 2675 suo
313 2619 561 2673 Generali
579 2618 665 2670 vel
683 2618 779 2669 alii
798 2618 1056 2669 sacerdoti
1075 2617 1144 2668 ad
1161 2616 1261 2667 hoc
1284 2616 1352 2667 ab
1374 2618 1489 2685 ipso
1505 2617 1762 2685 deputato
1777 2620 2101 2681 committat,

197 2711 264 2760 ut
286 2706 600 2759 relationem
624 2719 812 2755 causae
847 2703 916 2755 ad
952 2703 1304 2771 dejectionem
1341 2703 1605 2755 moventis
1641 2703 1699 2753 in
1737 2705 1946 2771 scriptis
1981 2721 2101 2754 con-

201 2792 367 2857 ficiat,
416 2807 540 2842 cum
589 2788 917 2857 expositione
966 2787 1393 2855 investigationis
1441 2785 1710 2854 hucusque
1752 2793 2011 2854 peractae,
2048 2795 2104 2840 et

195 2870 721 2924 circumstantiarum
764 2885 903 2938 quae
943 2885 1157 2920 causam
1199 2868 1285 2921 vel
1328 2868 1563 2936 ejusdem
1601 2869 2100 2922 demonstrationem

203 2957 503 3026 specialiter
526 2954 780 3006 afficiant.

347 3044 398 3095 3.
449 3041 671 3104 Locum,
697 3040 859 3103 diem,
893 3043 947 3091 et
973 3039 1156 3090 horam
1192 3042 1543 3107 opportunam
1581 3038 1649 3089 ad
1686 3039 2100 3090 conveniendum

202 3128 422 3191 indicet,
446 3143 539 3195 per
562 3126 769 3177 litteras
794 3125 863 3175 ad
888 3124 1123 3193 singulos
1147 3123 1474 3174 conciliarios
1499 3124 1700 3174 missas.
1955 3175 1958 3179 .

264 3219 266 3222 ’
347 3215 400 3263 4.
437 3212 718 3274 Rectorem
766 3210 1175 3273 missionarium‚
1218 3210 1285 3260 de
1326 3226 1431 3277 quo
1474 3210 1670 3278 agitur,
1712 3209 1779 3260 ad
1828 3210 2001 3260 locum
2046 3216 2102 3261 et

197 3300 347 3351 diem
377 3299 733 3350 constitutum
766 3296 836 3348 ad
874 3294 1171 3347 Concilium
1208 3293 1510 3346 habendum
1548 3298 1699 3344 vocet
1736 3311 1829 3361 per
1864 3294 2099 3355 littera83

178 3395 487 3452 exponens,
510 3381 616 3434 nisi
640 3381 924 3450 prudentia
948 3384 1113 3444 vetet,
1150 3396 1361 3430 causam
1398 3379 1466 3429 ad
1504 3378 1851 3445 dejectionem
1889 3389 2101 3430 moven-

203 3474 334 3533 tem,
369 3485 463 3537 per
498 3471 806 3527 extensum3
843 3482 1164 3533 monensque
1199 3465 1376 3531 ipsum
1414 3467 1664 3514 rectorem
1699 3467 1762 3513 ut
1797 3478 2099 3531 responsum

204 3554 435 3606 rationib
522 3552 808 3604 suffultum
832 3555 1108 3620 praeparet
1132 3550 1190 3599 in
1215 3548 1442 3616 scriptiS,
1467 3547 1533 3598 ad
1559 3563 1620 3597 ea
1652 3564 1787 3614 quae
1823 3549 1878 3598 in
1916 3562 2100 3598 causae

205 3570 530 3708 exposititia
566 3638 652 3690 vel
678 3637 798 3707 jam
835 3640 994 3688 antea
1030 3638 1289 3697 oretenuS,
1326 3633 1410 3684 vel
1446 3648 1587 3684 nunc
1623 3632 1680 3683 in
1706 3632 1915 3701 scriptis
1937 3632 2100 3683 relata

203 3729 347 3777 sunt.
