2534 4374
367 464 490 524 158
920 480 1080 522 (1οΝ0.
1124 479 1289 522 Pnov.
1332 479 1556 522 wEer.
1601 479 1688 522 111.

355 631 428 681 ad
452 630 639 680 mundi
663 630 962 697 voluptates
999 630 1300 697 sequendas,
1325 633 1381 680 et
1404 630 1510 680 nisi
1535 647 1567 680 a
1590 631 1781 682 teneris
1804 632 1957 683 annis
1980 631 2049 682 ad
2083 630 2253 698 pieta—

361 721 473 766 tem
499 720 554 765 et
576 715 886 783 religionem
911 714 1241 777 informetur,
1266 717 1555 781 antequam
1590 716 1841 767 vitiorum
1876 717 2089 768 habitus
2113 721 2253 768 totos

361 797 598 848 homines
658 787 939 864 possideat,
999 811 1274 861 nunquam
1334 796 1563 863 perfecte
1623 814 1684 848 ac
1739 800 1853 850 sine
1913 800 2145 851 maximo
2192 816 2254 850 ac

362 881 617 950 singulari
659 880 1038 948 propemodum
1075 878 1177 929 Dei
1219 877 1614 948 Omnipotentis
1652 884 1851 934 auxilio
1892 885 1953 935 in
1976 883 2256 951 disciplina

364 966 731 1035 Ecclesiastica
771 966 1092 1031 perseveret:
1146 962 1342 1015 Sancta
1386 964 1626 1033 Synodus
1664 969 1874 1032 statuit,
1909 973 1973 1020 ut
2016 969 2256 1038 singulae

360 1050 713 1113 Cathedrales,
730 1048 1173 1116 Metropolitanae
1191 1054 1351 1117 atque
1375 1051 1458 1102 1113
1475 1051 1580 1120 maj
1587 1068 1697 1103 0103
1713 1053 1976 1105 Ecclesiae
1990 1071 2083 1121 pro
2100 1053 2256 1104 modo

363 1135 681 1186 facultatum
726 1139 782 1185 et
822 1133 1088 1185 Dioecesis
1126 1135 1485 1202 amplitudine
1527 1140 1729 1188 certum
1767 1155 2048 1205 puerorum
2089 1138 2257 1206 ipsius

364 1220 612 1281 Civitatis
636 1224 692 1270 et
715 1219 996 1283 DioecesiS‚
1021 1218 1106 1270 vel
1130 1219 1243 1287 ejus
1267 1220 1593 1287 Provinciae,
1619 1223 1664 1274 si
1686 1223 1763 1274 ibi
1787 1240 1895 1273 non
1917 1224 2258 1291 reperiantur,

359 1323 639 1356 numerum
679 1306 738 1356 in
777 1303 1011 1374 Collegio
1051 1305 1120 1356 ad
1161 1306 1261 1357 hoc
1298 1323 1460 1374 prope
1484 1308 1623 1375 ipsas
1649 1308 1908 1359 Ecclesias
1944 1309 2030 1360 vel
2070 1309 2177 1359 alio
2200 1309 2260 1358 in

364 1392 476 1440 loco
501 1391 835 1442 convenienti
859 1390 927 1440 ab
952 1389 1215 1458 Episcopo
1240 1390 1483 1460 eligendo
1511 1391 1666 1456 alere,
1690 1410 1750 1443 ac
1775 1393 2015 1461 religiose
2039 1394 2260 1445 educare

364 1480 420 1526 et
446 1475 828 1527 Ecclesiasticis
854 1475 1149 1542 disciplinis
1172 1475 1452 1527 instituere
1476 1477 1825 1528 teneantur.''1

507 1559 669 1609 Tanti
711 1559 926 1627 quidem
965 1559 1209 1626 ponderis
1248 1560 1355 1610 fuit
1392 1560 1732 1613 audientibus
1767 1563 1866 1614 1100
1891 1563 2175 1614 Decretum
2196 1565 2263 1613 ut

360 1645 604 1696 omnium
630 1643 851 1694 Patrum
875 1643 1154 1710 arripuerit
1173 1660 1500 1709 consensum,
1526 1645 1607 1696 ita
1630 1650 1695 1696 ut
1717 1647 1777 1698 in
1801 1648 1950 1699 Actis
1977 1647 2031 1700 S.
2059 1647 2260 1716 Synodi

367 1731 438 1780 310
463 1730 740 1780 claudatur
763 1728 923 1796 hujus
949 1726 1203 1779 Sessionis
1226 1729 1430 1781 relatio,
1503 1734 1539 1761 “
1560 1729 1704 1791 Quae
1719 1733 1899 1783 omnia
1923 1733 1991 1784 ab
2016 1732 2260 1784 omnibus

365 1816 652 1883 approbata
701 1818 826 1865 sunt
872 1831 964 1882 per
1011 1815 1231 1866 verbum
1278 1812 1469 1866 Placet
1515 1817 1727 1867 nemine
1770 1817 1874 1868 fere
1918 1818 2262 1884 discrepante.

358 1905 540 1970 Atque
580 1905 638 1953 in
676 1901 980 1970 hujusmodi
1005 1901 1280 1952 concordia
1304 1901 1520 1953 dimissa
1543 1906 1624 1954 est
1649 1901 2014 1973 Congregatio,
2032 1903 2126 1954 ubi
2147 1919 2264 1954 vere

362 1989 542 2039 adfuit
567 1987 795 2055 Spiritus
821 1985 1093 2038 Sanctus?

513 2072 675 2142 Cujus
723 2072 940 2140 quidem
989 2071 1220 2139 Spiritus
1270 2071 1455 2123 Sancti
1510 2072 1825 2140 impulsibus
1874 2074 2133 2136 cedenteS,
2180 2073 2266 2124 vel

368 2160 546 2227 potius
571 2158 683 2226 ejus
708 2157 908 2207 lumine
936 2157 1178 2207 radiante
1214 2157 1465 2207 continuo
1502 2157 1671 2221 ducti,
1707 2159 2017 2209 recentiores
2054 2157 2266 2210 Summi

371 2243 653 2294 Pontifices
677 2258 948 2309 nunquam
991 2242 1323 2306 dubitarunt,
1348 2244 1671 2294 occasionem
1694 2244 1860 2306 nacti,
1884 2245 2080 2294 iterum
2104 2247 2268 2311 atque

370 2332 563 2379 iterum
605 2328 815 2378 Decreti
864 2326 1022 2393 hujus
1070 2327 1433 2394 plenissimam
1482 2328 1867 2379 observantiam
1913 2328 2175 2380 inculcare
2211 2333 2267 2379 et

371 2416 662 2483 injungere.
738 2412 885 2462 Inter
933 2428 1062 2479 quos
1111 2429 1317 2462 summa
1366 2429 1491 2463 cum
1539 2415 1874 2464 veneratione
1921 2418 2002 2465 est
2043 2431 2075 2464 a
2118 2414 2267 2465 nobis

371 2498 722 2551 nominandus
748 2496 1067 2546 Benedictus
1092 2496 1274 2559 ΧΙΙΙ.,
1293 2497 1603 2564 disciplinae
1622 2497 2021 2548 Ecclesiasticae
2039 2499 2267 2567 insignis

372 2586 706 2643 instaurator,
730 2581 871 2648 quod
895 2580 954 2630 in
991 2581 1373 2632 constitutione
1407 2598 1546 2633 anno
1575 2581 1712 2633 1725
1752 2583 1895 2646 data,
1919 2600 2052 2650 quae
2075 2585 2268 2652 incipit

371 2670 455 2719 his
503 2668 672 2718 verbis
722 2663 971 2718 Creditac
1019 2664 1204 2729 Nobis,
1256 2665 1556 2718 Ordinarios
1617 2667 1810 2718 Italiae
1857 2667 2143 2735 alloquens,
2191 2670 2267 2719 eis

367 2753 612 2805 ,districte
654 2751 910 2820 injungit,
947 2754 982 2781 “
996 2755 1062 2800 ut
1102 2752 1160 2800 in
1198 2749 1595 2803 Cathedralibus
1619 2754 1677 2806 in
1701 2753 1890 2820 quibus
1913 2752 2268 2805 Seminarium

373 2842 626 2890 hactenus
651 2841 883 2887 erectum
907 2852 1015 2886 non
1039 2836 1163 2898 fuit,
1187 2835 1325 2886 illud
1361 2839 1754 2905 quamprimum
1791 2838 1923 2906 erigi
1960 2855 2022 2888 ac
2053 2840 2268 2890 omnino

374 2925 588 2977 institui
614 2926 813 2974 curent.
886 2921 1070 2989 Neque
1102 2922 1200 2971 hac
1224 2922 1526 2988 Apostolica
1546 2924 1784 2991 jussione
1808 2928 2107 2988 contentuS,
2134 2925 2268 2977 Con-

375 3010 735 3081 gregationem
809 3006 922 3057 EE.
985 3004 1345 3057 Cardinalium
1410 3008 1670 3071 instituit,
1730 3013 1763 3039 ‘⁶
1778 3008 1859 3060 De
1919 3008 2224 3061 Seminariis
2239 3011 2268 3033 ’'

374 3094 800 3162 nuncupandam,
844 3091 932 3143 cui
975 3107 1154 3142 curam
1179 3091 1446 3142 commisit
1487 3093 1807 3161 invigilandi
1831 3103 1988 3161 super
2011 3096 2268 3146 erectione

378 3180 804 3241 Seminariorum,
872 3179 928 3227 et
993 3175 1302 3226 reddituum
1375 3175 1786 3244 assignationem
1849 3195 1914 3229 ex
1989 3177 2268 3231 Beneficiis

376 3264 790 3328 desumptorum.

518 3345 743 3396 Evenire
789 3344 880 3395 vix
927 3343 1204 3412 potuisset,
1246 3346 1309 3393 ut
1351 3342 1600 3393 Pontifex
1642 3346 1795 3394 tanto
1836 3345 1950 3411 ipse
1998 3346 2268 3412 praeditus

376 3432 607 3499 ingeniO,
630 3433 686 3480 et
711 3429 867 3480 sacris
892 3428 1128 3480 scientiis
1153 3431 1384 3491 ornatuS,
1409 3428 1580 3495 qualis
1603 3433 1715 3479 erat
1752 3429 2072 3482 Benedictus
2096 3431 2232 3482 XIV
2233 3469 2266 3494 .,

374 3518 442 3568 de
484 3515 792 3566 educatione
828 3512 1131 3564 clericorum
1172 3512 1428 3581 ignavum
1466 3528 1574 3562 sese
1608 3512 2002 3565 demonstraret.
2076 3514 2269 3568 Contra

369 3618 513 3664 vem,
537 3600 627 3650 vix
652 3598 843 3651 Sedem
866 3597 1225 3666 Apostolicam
1249 3600 1608 3664 occupaverat,
1626 3614 1749 3647 cum
1774 3598 2070 3664 Epistolam
2095 3600 2267 3668 Ency-

1053 3751 1074 3788 1
1104 3748 1212 3789 Sess.
1233 3747 1411 3788 XXIII.
1441 3760 1531 3800 cap.
1554 3749 1593 3788 8.
