2534 4374
457 361 590 440 396
1256 378 1496 421 Aum‘rio
1536 377 1592 420 v,

450 529 495 556 '⁶‘
513 530 573 576 ut
598 543 753 594 supra
776 526 1200 595 particularibus,
1219 525 1501 576 deficiente
1518 525 1938 594 presbyterorum
1961 528 2133 595 copia,
2152 527 2377 596 aliisque

460 614 496 640 ⁶⁶
512 612 759 663 omnibus
807 611 1224 662 circumstantiis
1277 614 1485 661 mature
1541 612 1809 679 perpensis
1865 611 2117 679 prudenti
2163 598 2376 681 judicio

455 700 495 726 ‘⁶
513 695 808 764 Superioris
848 697 1230 760 definiendum,
1266 700 1449 746 utrum
1489 713 1550 747 eo
1599 695 1659 746 in
1694 712 1819 747 casu
1858 702 2171 749 concurrant
2193 698 2377 767 gravia

451 787 495 811 ‘⁶
510 799 684 832 rerum
734 782 817 849 adj
826 785 1006 844 uncta,
1056 798 1192 849 quae
1240 782 1461 832 tradunt
1509 781 1760 833 Doctores
1806 784 2138 835 necessitatis
2195 801 2376 836 oesum

453 871 495 896 “⁶
511 866 713 918 efficere
754 866 861 934 (uti
896 867 1197 934 propositus
1234 867 1471 935 videtur)
1510 868 1569 918 in
1605 885 1709 936 quo
1746 868 2128 936 dispensationi
2163 886 2198 921 a
2226 885 2377 938 prae-

460 956 495 981 ⁶⁶
512 956 667 1019 cepto
691 953 976 1004 universali
1002 953 1069 1003 de
1092 969 1200 1003 non
1223 953 1466 1003 iterando
1492 952 1747 1003 sacrificio
1772 953 1840 1005 ab
1865 954 2051 1005 eodem
2074 953 2377 1023 presbytero

460 1040 494 1065 ‘⁶
511 1037 799 1104 eademque
832 1038 918 1088 die
958 1037 1104 1088 locus
1140 1037 1254 1099 fiat,
1293 1042 1350 1087 et
1376 1037 1601 1088 binandi
1626 1037 1875 1088 facultati
1899 1038 2232 1102 tribuendae,
2269 1054 2378 1106 qua

450 1124 495 1149 ⁴⁶
509 1137 664 1188 parce
713 1124 930 1174 omnino
980 1123 1138 1173 illum
1179 1123 1267 1173 uti
1308 1123 1492 1174 debere
1535 1140 1600 1173 ex
1642 1123 1921 1191 apostolici
1963 1124 2132 1192 ipsius
2174 1123 2376 1175 indulti

452 1210 494 1234 ⁶⁶
512 1207 680 1257 verbis
704 1210 943 1276 apprime
968 1208 1334 1277 perspicitur.'’
1410 1209 1456 1258 E
1493 1213 1678 1277 questa
1714 1210 1999 1260 istruzione
2037 1208 2119 1261 ne’
2157 1210 2377 1260 termini

460 1293 610 1342 stessi
652 1291 712 1342 fii
754 1295 961 1344 inviata
999 1294 1052 1344 al
1091 1294 1325 1346 Vescovo
1365 1295 1422 1345 di
1462 1294 1663 1345 Treviri
1702 1294 1790 1344 nel
1828 1296 1984 1358 1853,
2009 1295 2078 1345 da
2111 1298 2265 1362 parte
2289 1295 2377 1345 del

452 1377 617 1443 -quale
655 1395 809 1429 erano
847 1381 978 1430 stati
1012 1379 1250 1448 proposti
1289 1381 1505 1431 svariati
1544 1380 1712 1431 dubbi
1749 1379 1830 1430 sul
1872 1379 2053 1432 binare
2095 1380 2148 1431 la
2190 1397 2376 1444 messa,

459 1463 800 1532 essendoglisi
826 1465 1011 1516 scritto
1035 1465 1089 1516 ai
1115 1467 1182 1516 28
1212 1464 1528 1528 Settembre‚
1549 1465 1646 1516 che
1671 1466 2027 1517 consideratii
2047 1466 2162 1517 suoi
2180 1466 2378 1534 quesiti
2474 1511 2479 1515 ,

461 1553 496 1578 ‘⁶
512 1551 718 1600 censuit
743 1549 797 1601 S.
825 1549 1177 1620 Congregatio
1203 1552 1435 1602 dandam
1460 1568 1568 1602 esse
1601 1552 2027 1615 instructionem,
2051 1568 2216 1619 quam
2253 1589 2268 1605 .
2307 1589 2322 1602 .
2354 1589 2375 1601 ..

451 1637 496 1663 ·⁶⁶
510 1634 749 1686 Vicarius
797 1636 1134 1704 Apostolicus
1182 1636 1529 1706 Limburgen.
1573 1637 1813 1687 obtinuit
1855 1637 1953 1688 sub
1994 1637 2084 1688 die
2127 1639 2192 1688 31
2238 1637 2275 1689 J
2277 1637 2377 1688 ulii

459 1737 532 1770 an
560 1720 746 1771 1851.”

609 1807 690 1858 16.
742 1807 844 1858 Per
868 1807 1004 1858 altro
1028 1812 1111 1858 tra
1134 1808 1186 1859 le
1227 1808 1371 1858 varie
1415 1809 1655 1875 risposte‚
1681 1808 1778 1859 che
1815 1808 2043 1860 affidano
2068 1809 2110 1859 il
2134 1809 2375 1879 giudizio

458 1891 598 1942 sulla
619 1893 830 1960 gravita
853 1893 991 1943 delle
1017 1909 1173 1943 cause
1197 1893 1248 1943 al
1293 1892 1584 1960 Superiore‚
1628 1893 1818 1944 alcune
1856 1895 2116 1946 meritano
2142 1894 2377 1963 peculiar

463 1981 755 2041 menzione,
780 1995 929 2028 come
954 1978 1130 2045 quelle
1155 1979 1252 2029 che
1271 1995 1424 2029 senza
1443 1979 1734 2047 dilungarsi
1752 1979 1894 2030 dalla
1911 1980 2089 2048 regola
2113 1980 2377 2031 ordinaria

460 2064 519 2113 di
542 2063 777 2113 chiamar
799 2063 840 2113 il
867 2062 1143 2130 Superiore
1189 2068 1350 2114 stesso
1392 2081 1425 2114 a
1465 2063 1708 2131 giudicar
1751 2064 1887 2114 delle
1926 2081 2100 2128 cause,
2125 2065 2377 2115 indicano

461 2149 682 2199 insieme
705 2149 763 2198 in
788 2148 1012 2216 qualche
1049 2149 1205 2215 guisa
1246 2147 1300 2198 la
1324 2148 1548 2215 qualite„
1582 2166 1613 2198 o
1657 2149 1698 2198 il
1735 2150 1899 2217 grado
1940 2149 2081 2200 della
2119 2150 2378 2200 necessita

462 2234 711 2284 richiesta
734 2251 829 2301 per
850 2233 904 2283 la
927 2233 1222 2296 binazione,
1247 2250 1277 2283 e
1300 2232 1469 2283 talora
1494 2237 1799 2301 temperano
1843 2234 2096 2301 alquanto
2120 2233 2376 2301 l’impres-

463 2321 623 2383 sione,
666 2337 695 2370 e
738 2319 978 2370 calmano
1022 2319 1075 2369 la
1117 2318 1384 2369 soverchia
1425 2319 1631 2369 anzieta
1670 2319 1765 2369 che
1807 2336 1971 2370 avean
2013 2319 2260 2386 prodotto
2292 2318 2375 2368 ne’

463 2405 685 2455 Vescovi
709 2421 738 2455 e
761 2403 1090 2455 Missionarii
1112 2403 1163 2454 le
1187 2403 1432 2466 clausole,
1458 2404 1578 2455 ond’
1605 2405 1635 2455 e
1660 2404 1928 2455 vincolata
1955 2404 2094 2454 nelle
2130 2403 2376 2455 Formole

457 2494 648 2557 questa
690 2490 901 2541 facolta.
977 2489 1100 2541 Una
1142 2490 1200 2541 di
1237 2490 1334 2540 tali
1375 2490 1597 2558 risposte
1636 2490 1696 2540 fii
1735 2490 1862 2540 data
1895 2489 1984 2540 nel
2026 2490 2161 2539 1848
2199 2489 2268 2540 ad
2301 2506 2375 2539 un

463 2577 693 2626 Vescovo
729 2576 874 2644 degli
911 2574 1056 2626 Stati
1094 2574 1252 2626 Uniti
1293 2575 1619 2627 d'America:
1677 2580 1712 2606 ‘⁶
1727 2575 1896 2626 Venio
1935 2575 2004 2626 ad
2041 2574 2374 2643 postulatum

462 2666 497 2691 ⁶⁶
511 2666 671 2712 tuum
690 2659 824 2731 (cosi
849 2661 908 2711 in
931 2676 1038 2711 una
1060 2660 1251 2711 lettera
1274 2661 1361 2711 dei
1388 2663 1419 2711 9
1446 2658 1695 2730 Maggio)
1721 2660 1858 2711 circa
1882 2661 2101 2711 modurn
2118 2661 2376 2727 interpre-

463 2752 498 2777 ‘⁶
512 2748 665 2798 tandi
688 2746 1058 2797 necessitatem
1082 2761 1218 2812 quae
1241 2746 1526 2812 requiritur
1554 2747 1623 2797 ad
1656 2746 1868 2796 licitum
1905 2763 2062 2796 usum
2101 2745 2372 2795 facultatis

461 2838 498 2864 ‘⁶
513 2834 594 2884 bis
628 2834 688 2883 in
725 2832 815 2883 die
852 2831 1070 2881 missam
1103 2830 1418 2882 celebrandi.
1495 2869 1507 2882 .
1584 2872 1596 2884 .
1675 2870 1688 2882 .
1761 2830 1984 2881 Noverit
2013 2848 2136 2899 ergo
2165 2830 2373 2898 Ampli-

463 2924 497 2949 ⁶⁶
512 2919 644 2969 tudo
680 2917 794 2968 Tua
825 2917 1198 2967 necessitatem
1236 2916 1561 2983 hujusmodi,
1600 2917 1667 2967 de
1705 2933 1810 2984 qua
1850 2933 2018 2967 sermo
2059 2919 2156 2978 est,
2195 2932 2371 2966 veram

455 3009 497 3035 ‘⁶
512 3004 731 3072 quidem
757 3003 847 3053 sed
871 3002 1125 3052 moralem
1150 3001 1419 3070 intelligi;
1461 3018 1569 3052 non
1603 3007 1787 3052 autem
1824 3001 2122 3052 absolutam
2161 3001 2227 3051 de
2266 3016 2372 3067 qua

463 3095 496 3120 ‘⁶
512 3090 732 3157 proinde
756 3088 829 3156 dij
837 3088 1049 3139 udicare
1072 3088 1131 3137 in
1155 3087 1378 3156 singulis
1403 3087 1607 3138 casibus
1631 3087 1830 3154 pendet
1855 3105 1886 3137 a
1904 3087 2153 3153 prudenti
2161 3085 2370 3153 judicio

461 3181 494 3207 ‘⁶
513 3174 766 3242 inspectis
802 3172 1234 3224 circumstantiis,
1309 3171 1504 3223 Caveas
1545 3190 1668 3241 ergo
1711 3176 1921 3240 oportet
1962 3171 2060 3222 hac
2103 3172 2162 3222 in
2203 3189 2259 3222 re
2300 3172 2368 3222 ab

459 3267 492 3292 ‘⁶
509 3261 778 3312 anxietate
801 3259 971 3309 nimia
994 3259 1053 3308 in
1077 3258 1436 3326 dijudicand0‚
1461 3275 1527 3307 ne
1552 3258 1744 3308 frustra
1768 3274 2009 3308 concessa
2033 3261 2129 3307 aut
2151 3255 2285 3324 pene
2308 3258 2366 3307 in

459 3350 495 3375 ‘⁶
508 3345 656 3395 nullo
692 3361 817 3395 casu
850 3343 920 3394 ad
954 3348 1138 3394 actum
1170 3343 1468 3393 reducenda
1506 3342 1730 3393 facultas
1766 3343 2037 3409 praedicta
2073 3342 2364 3394 videatur.”

460 3432 566 3481 Pisi
607 3429 850 3481 notevole
892 3431 922 3480 e
962 3429 1016 3479 la
1058 3428 1459 3490 dichiarazione‚
1495 3427 1592 3479 che
1631 3428 1677 3479 si
1714 3445 1862 3496 porse
1894 3418 1990 3478 nel
2025 3428 2164 3477 1824
2196 3428 2266 3477 ad
2291 3445 2365 3477 un

460 3517 695 3567 Prefetto
718 3515 1022 3582 Apostolico
1059 3514 1198 3565 nelle
1236 3513 1431 3564 Antilli
1471 3513 1527 3563 di
1566 3514 1825 3564 America.
1899 3513 2201 3563 Diffidando
2240 3513 2364 3579 quel

454 3602 699 3652 Prefetto
723 3600 780 3652 di
805 3604 955 3668 poter
980 3599 1058 3650 far
1081 3616 1176 3650 uso
1201 3597 1667 3666 tranquillamente
1693 3598 1832 3649 della
1851 3599 2045 3648 facolta
2061 3598 2120 3648 in
2140 3597 2363 3648 discorso
