2534 4374
468 432 597 491 222
1027 449 1190 490 (1οΝ6.
1237 447 1406 491 Pnov.
1457 449 1683 491 wEs'rM.
1730 450 1807 492 1v.

466 598 706 648 Provinc.
733 598 1024 649 Westmon.
1051 595 1415 663 computandi,
1442 597 1500 646 in
1527 596 1819 649 Seminario
1847 604 2055 650 mature
2079 600 2373 652 addiscant.

467 684 607 733 Item
634 701 742 734 sese
768 684 1001 733 studiose
1027 686 1305 732 exerceant
1329 686 1393 732 ut
1418 681 1667 749 epistolas
1694 681 1959 746 officiales,
1984 685 2050 735 de
2074 685 2226 735 rebus
2263 686 2374 737 sive

458 768 830 819 ecclesiasticis
855 769 966 818 sive
991 768 1253 830 civilibus,
1271 768 1470 818 urbane
1495 771 1551 817 et
1577 784 1699 816 cum
1725 768 1907 818 debita
1931 770 2225 820 reverentia
2249 787 2373 838 erga

464 870 704 922 personas
728 855 786 903 in
811 853 1130 903 auctoritate
1154 853 1474 904 constitutas
1500 852 1755 903 conficere
1778 854 1998 920 possint.

610 938 692 989 17.
744 937 894 998 Quod
918 955 1039 989 vero
1064 939 1265 989 attinet
1288 938 1357 988 ad
1380 942 1653 989 externam
1679 942 1736 990 et
1759 939 2064 990 interiorem
2089 938 2371 1001 Seminarii

456 1024 756 1074 dioecesani
782 1022 1138 1090 disciplinam,
1163 1023 1270 1074 duo
1296 1027 1422 1074 sunt
1462 1024 1715 1075 notanda.
1788 1023 2029 1074 Alterum
2055 1028 2152 1088 est,
2175 1030 2241 1076 ut
2264 1026 2371 1076 dis-

460 1109 660 1176 ciplina
685 1109 756 1159 sit
780 1107 1099 1159 sufficienter
1139 1109 1314 1177 gravis
1336 1128 1349 1161 t
1393 1125 1500 1160 non
1536 1109 1708 1160 solum
1731 1113 1796 1160 ut
1821 1110 1964 1173 ordo,
1989 1110 2103 1161 sine
2127 1127 2233 1178 quo
2257 1113 2370 1162 vita

455 1194 754 1245 communis
780 1194 1001 1245 existere
1037 1195 1242 1261 nequit,
1267 1197 1531 1255 servetur3
1588 1195 1678 1246 sed
1720 1195 1887 1245 etiam
1925 1199 1991 1247 ut
2028 1197 2243 1264 penitus
2282 1214 2368 1248 ex·
2436 1204 2442 1210 '

459 1279 729 1346 plorentur
787 1279 1190 1330 candidatorum
1240 1279 1505 1342 docilitaS,
1555 1280 1877 1344 obedientia,
1925 1281 2209 1351 abnegatio
2268 1283 2368 1346 sui,

459 1366 649 1432 pietaS,
671 1369 728 1419 et
751 1365 819 1416 ad
843 1366 1014 1416 vitam
1039 1365 1451 1417 ecclesiasticam
1475 1366 1772 1434 dispositio,
1797 1366 2079 1434 nullusque
2103 1366 2171 1417 ad
2200 1383 2367 1418 sacros

454 1451 664 1501 ordines
688 1453 1055 1517 promoveatur
1078 1451 1172 1517 qui
1196 1450 1280 1502 his
1305 1451 1364 1501 in
1396 1451 1547 1502 rebus
1571 1451 1681 1502 veri
1718 1452 1984 1519 profectus
2020 1451 2220 1503 indicia
2261 1468 2364 1503 non

460 1538 680 1588 dederit.
741 1536 1014 1599 Alterum,
1037 1553 1204 1604 quum
1229 1536 1271 1586 ii
1296 1537 1390 1604 qui
1423 1537 1481 1587 in
1506 1537 1662 1587 vinea
1700 1536 1919 1588 Domini
1951 1536 2193 1588 laborant
2206 1537 2364 1605 juxta

459 1621 772 1689 Apostolum
820 1621 1000 1672 omnia
1047 1621 1292 1672 omnibus
1334 1621 1448 1672 fieri
1491 1621 1736 1684 debeant,
1775 1625 1932 1672 caute
1972 1623 2364 1692 invigilandum

454 1710 576 1772 erit,
600 1711 664 1758 ut
691 1707 1054 1758 seminaristae
1077 1707 1396 1758 edoceantur
1418 1707 1499 1756 ita
1523 1707 1582 1756 in
1606 1705 1704 1757 1106
1730 1706 1936 1758 saeculo
1971 1709 2278 1772 conversari,
2301 1713 2364 1759 ut

458 1793 832 1844 sacerdotalem
856 1792 1173 1842 modestiam
1191 1795 1247 1843 et
1267 1791 1672 1859 simplicitatem
1691 1809 1815 1842 cum
1834 1808 2042 1842 morum
2060 1792 2362 1844 urbanitate

457 1895 658 1945 semper
687 1877 1042 1945 conjungant:
1081 1875 1303 1927 ‘nemini
1328 1875 1523 1928 dantes
1547 1875 1732 1928 ullam
1757 1875 2129 1945 offensionem,
2153 1881 2222 1929 ut
2243 1894 2362 1931 own

455 1960 804 2031 vituperetur
825 1959 1213 2014 ministerium
1234 1963 1533 2013 nostrum}
1593 1961 1809 2029 Semper
1832 1963 1890 2012 in
1914 1967 2095 2013 mente
2119 1963 2360 2016 omnium

456 2053 687 2099 versetur
728 2048 1026 2098 Tridentini
1071 2046 1296 2098 Concilii
1339 2053 1710 2114 praeceptum:
1762 2051 1798 2078 “
1818 2046 1907 2098 Sic
1951 2049 2102 2099 decet
2144 2049 2360 2101 omnino

450 2132 685 2196 61611603,
711 2133 769 2183 111
795 2137 988 2184 sortem
1013 2131 1233 2184 Domini
1258 2138 1489 2195 vocatOS,
1514 2133 1685 2183 vitam
1709 2150 1983 2200 moresque
2022 2151 2140 2185 suos
2178 2151 2361 2187 omnes

453 2234 764 2285 componere
802 2222 866 2267 ut
903 2216 1108 2280 habitu,
1133 2222 1307 2286 gestU‚
1332 2219 1554 2280 incessu,
1581 2234 1835 2280 sermone,
1858 2218 2083 2285 aliisque
2114 2219 2360 2271 omnibus

454 2305 622 2366 rebuS,
647 2303 725 2354 nil
761 2303 868 2354 nisi
909 2320 1085 2372 grave,
1110 2304 1461 2366 moderatum,
1486 2319 1547 2353 ac
1590 2302 1845 2371 religione
1883 2303 2102 2370 plenum
2140 2319 2266 2370 prae
2304 2320 2359 2354 se

454 2390 626 2440 ferant
642 2407 656 2450 3
682 2388 820 2439 levia
833 2389 999 2439 etiam
1015 2389 1228 2452 delicta,
1245 2405 1380 2456 quae
1398 2390 1457 2438 in
1475 2388 1604 2455 ipsis
1623 2389 1857 2438 maxima
1876 2391 2063 2451 essent,
2078 2387 2358 2457 effligiant,

452 2480 517 2525 ut
541 2491 720 2526 eorum
745 2474 979 2524 actiones
1004 2473 1210 2524 cunctis
1234 2473 1460 2524 afferant
1483 2473 1947 2525 venerationem.''²

602 2562 684 2610 18.
735 2558 954 2626 Insuper
1001 2575 1125 2625 prae
1173 2558 1339 2609 oculis
1388 2575 1592 2625 semper
1640 2558 1945 2609 habendum
1986 2558 2224 2626 regulam
2268 2575 2358 2610 ex-

454 2650 659 2696 ternam
697 2644 956 2711 profectui
995 2643 1054 2693 in
1091 2643 1380 2693 virtutibus
1420 2660 1608 2710 parum
1644 2644 1901 2711 prodesse,
1925 2644 2031 2694 nisi
2054 2643 2278 2694 libenter
2299 2648 2356 2695 et

452 2731 609 2781 hilari
633 2730 810 2780 animo
846 2745 879 2779 a
914 2728 1188 2796 discipulis
1225 2729 1520 2796 accipiatur
1558 2734 1614 2780 et
1652 2731 1968 2792 observetur,
2000 2733 2063 2779 ut
2098 2745 2205 2779 non
2246 2730 2355 2780 sint

454 2816 733 2867 servientes
757 2813 940 2876 oculis,
964 2813 1055 2864 sed
1078 2813 1347 2880 placentes
1372 2813 1483 2864 Deo
1507 2830 1570 2864 ex
1608 2815 1761 2865 corde
1799 2831 1947 2880 puro.
2020 2813 2352 2865 Praeclarum

450 2906 534 2952 est
556 2902 896 2967 praeceptum
919 2915 952 2949 a
977 2897 1031 2949 S.
1059 2897 1239 2949 Carolo
1263 2899 1322 2948 in
1346 2898 1686 2949 institutione
1712 2898 1993 2950 Seminarii
2033 2899 2350 2966 expositum,

452 2985 733 3037 videlicet:
771 2988 806 3015 “
821 3000 945 3034 cum
961 2984 1267 3051 praesertim
1285 2983 1567 3050 acquisitio
1583 2985 1845 3034 virtutum
1864 2984 1922 3033 in
1940 2983 2350 3052 uniuscujusque

446 3071 762 3122 assiduitate
802 3072 858 3120 et
899 3069 1176 3132 industria,
1218 3069 1558 3136 potiusquam
1600 3070 1658 3120 in
1699 3073 1961 3120 rectorum
2002 3074 2098 3120 aut
2135 3086 2351 3137 pracep-

451 3161 627 3206 torum
651 3154 950 3222 diligentia,
975 3153 1047 3203 sit
1069 3153 1260 3220 posita,
1284 3154 1364 3203 ita
1398 3158 1480 3216 ut,
1504 3154 1610 3203 nisi
1648 3154 1768 3221 quis
1810 3153 2040 3204 laborem
2081 3154 2349 3218 adhibeat,

449 3256 556 3291 non
580 3238 813 3289 multum
837 3242 933 3288 aut
956 3235 1094 3288 nihil
1118 3236 1201 3287 illi
1226 3237 1447 3287 aliorum
1472 3237 1758 3306 vigilantia
1783 3238 1856 3287 sit
1879 3237 2222 3304 profutura.”³

590 3324 784 3375 Nullus
822 3327 1004 3374 autem
1047 3323 1497 3373 seminaristarum
1539 3322 1669 3372 falso
1710 3322 1812 3372 sibi
1843 3322 2174 3389 persuadeat,
2200 3324 2344 3376 vitae

447 3412 684 3482 regulam
708 3426 816 3461 non
841 3425 951 3460 esse
974 3409 1337 3471 necessariam,
1362 3424 1485 3457 cum
1518 3424 1548 3457 6
1584 3410 1766 3457 contra
1791 3407 2025 3457 sacerdos
2050 3407 2344 3471 saecularis,

1164 3571 1167 3573 Δ
1241 3544 1258 3571 ¹
1277 3546 1301 3583 2
1320 3543 1415 3584 Cor.
1432 3542 1491 3583 vi.
1510 3545 1549 3585 3.

1031 3613 1052 3640 ²
1067 3611 1178 3663 Sena-A
1195 3611 1299 3651 xxii.
1322 3610 1388 3650 De
1407 3609 1594 3650 Reform.
1615 3622 1705 3663 cap.
1729 3612 1769 3654 la

1207 3676 1226 3704 ⁸
1241 3677 1358 3718 Pars.
1380 3679 1418 3726 3,
1437 3689 1527 3730 cap.
1546 3676 1576 3717 i.
