2534 4374
994 462 1267 504 DECRETA.
1954 448 2080 507 219

315 610 361 661 A
398 611 570 679 primo
613 611 782 679 igitur
820 612 877 661 in
922 610 1280 663 Seminarium
1324 612 1560 681 ingressu
1599 613 1818 665 clericus
1861 631 2084 682 pauper-

172 700 341 748 tatem
402 700 679 763 tamquam
737 696 1019 747 consilium
1068 696 1434 766 evangelicum
1484 698 1703 768 diligere
1751 717 1812 750 ac
1864 702 2082 750 revereri

172 782 341 833 discat
355 799 371 843 3
421 786 495 845 et,
519 798 845 849 quamquam
870 782 939 832 ad
965 786 1335 849 paupertatem
1359 799 1423 833 ex
1449 789 1572 835 voto
1597 785 1939 836 exercendam
1977 802 2080 836 non

171 867 244 919 sit
267 870 501 929 vocatuS‚
522 867 624 917 sibi
650 871 831 918 tamen
858 884 1164 935 persuasum
1190 866 1382 919 habeat
1408 886 1660 937 pauperes
1685 870 1876 938 spiritu
1902 887 2082 921 omnes

171 952 282 1003 fieri
307 952 510 1015 debere,
536 956 592 1003 et
615 952 673 1002 in
699 969 760 1002 eo
786 969 909 1002 cum
937 950 1144 1003 Christo
1170 951 1484 1021 Sanctisque
1524 954 1933 1007 similitudinem
1959 973 2082 1006 con-

170 1041 320 1089 stare.
392 1034 556 1089 Beato:
576 1052 859 1106 pauperes
885 1035 1119 1106 spiritu,
1145 1036 1420 1106 quoniam
1445 1038 1707 1108 ipsorum
1733 1044 1807 1091 est
1842 1057 2081 1107 requam

169 1121 482 1175 coelorum-1

311 1208 587 1259 Eximium
628 1208 764 1259 illud
807 1209 932 1260 cleri
975 1208 1253 1260 saecularis
1297 1210 1579 1278 exemplar,
1619 1211 1672 1262 S.
1701 1210 1911 1263 Carolus
1953 1213 2080 1263 Bor-

167 1311 422 1358 romaeuS‚
448 1294 665 1345 divitias
689 1310 819 1361 quas
843 1294 1145 1361 possidebat
1185 1311 1355 1362 neque
1394 1296 1452 1346 in
1492 1297 1723 1364 seipsum
1763 1298 2080 1359 insumebat,

167 1396 339 1448 neque
376 1379 663 1447 reponebat
701 1379 759 1429 in
797 1379 1038 1440 sudari03
1088 1380 1196 1443 sed,
1231 1380 1289 1431 in
1328 1384 1473 1431 arcta
1516 1386 1829 1448 paupertate
1868 1382 2078 1451 degens,

166 1487 420 1539 pauperes
443 1474 499 1521 et
525 1469 820 1520 Ecclesiam
846 1486 1009 1536 opum
1037 1486 1250 1520 suarum
1277 1487 1420 1521 veros
1445 1470 1726 1537 reputabat
1751 1488 2076 1538 possessores.

167 1555 471 1608 Sacerdotes
510 1572 629 1606 vero
670 1571 786 1605 suos
826 1553 1117 1621 alloquens,
1155 1559 1188 1585 ‘⁶
1207 1554 1259 1605 N
1262 1555 1437 1618 ostiS‚''
1478 1555 1672 1618 aiebat,
1713 1559 1746 1585 ‘⁶
1766 1562 1966 1623 quanta
2004 1558 2074 1607 sit

166 1642 493 1710 paupertatis
542 1641 813 1708 perfectio·
913 1639 1187 1700 Quantum
1237 1640 1331 1691 illa
1380 1640 1679 1691 animarum
1728 1641 2077 1708 piscatoribus

164 1727 410 1794 praebeat
458 1726 774 1794 adjumenti.
852 1725 1024 1787 Quam
1072 1742 1191 1776 eam
1240 1725 1297 1775 in
1347 1708 1532 1793 primis
1582 1725 1688 1776 illis
1732 1726 2075 1793 piscatoribus

164 1812 431 1880 Apostolis
456 1811 696 1863 districte
720 1811 1018 1878 requisierit
1043 1811 1321 1875 DominUS‚
1339 1828 1467 1878 quos
1493 1828 1663 1878 neque
1689 1828 1890 1873 zonam,
1909 1828 2074 1880 neque

163 1915 360 1966 peram,
385 1915 554 1965 neque
585 1897 855 1948 sacculum
880 1897 1067 1948 habere
1092 1895 1518 1965 permittebat.”2

309 2001 393 2049 12.
443 1998 683 2048 Tandem
707 1998 835 2048 haec
863 1996 1104 2065 Synodus
1129 2013 1215 2047 eos
1252 1996 1445 2064 quibus
1482 1996 1787 2048 clericorum
1829 1998 2075 2049 educatio

162 2085 219 2135 in
239 2084 546 2136 Seminariis
570 2082 939 2134 ecclesiasticis
965 2083 1245 2133 commissa
1265 2086 1345 2133 est
1364 2082 1651 2133 monendos
1671 2100 1779 2133 esse
1799 2088 1992 2146 censet,
2013 2089 2072 2133 ut

162 2170 342 2221 sedulo
368 2170 700 2221 considerent
723 2169 1146 2237 perturbationes
1183 2168 1447 2219 humanae
1484 2169 1771 2231 societatiS,
1797 2172 1853 2219 et
1877 2169 2074 2236 ubique

159 2257 406 2325 gentium
432 2258 767 2322 erumpentes
804 2254 1107 2317 seditiones,
1133 2272 1198 2306 ex
1238 2256 1593 2323 intemperata
1633 2255 2073 2322 independentiae

161 2345 216 2391 et
240 2341 525 2392 effrenatae
549 2340 813 2391 libertatis
838 2340 1109 2407 cupidine,
1135 2345 1296 2408 atque
1331 2358 1393 2391 ex
1432 2341 1624 2407 spiritu
1661 2340 1937 2390 criticismi
1982 2357 2071 2390 seu

159 2428 470 2478 censurandi
494 2426 736 2489 libidine,
761 2429 1040 2493 tamquam
1065 2444 1131 2477 ex
1155 2431 1415 2478 venenata
1439 2427 1613 2477 radice
1638 2426 1913 2494 pullulare.

303 2513 529 2564 Pestifer
551 2514 652 2563 iste
678 2512 896 2580 spiritus
921 2529 1064 2563 nunc
1089 2513 1354 2564 liberrime
1395 2513 1535 2563 inter
1573 2513 1752 2562 omnia
1791 2512 2069 2564 hominum

159 2615 347 2668 genera
389 2599 690 2650 insinuatur
732 2603 788 2649 et
829 2603 1183 2667 propagatum
1231 2598 1542 2666 praesertim
1582 2615 1674 2665 per
1713 2598 1890 2660 libroS,
1916 2598 2071 2649 liber-

158 2685 321 2747 culos,
364 2689 420 2735 et
460 2684 837 2751 ephemerideS,
879 2685 938 2734 in
980 2684 1173 2751 quibus
1217 2701 1359 2735 sacra
1401 2701 1761 2752 quaecumque
1803 2701 1964 2751 aeque
2006 2701 2066 2734 ac

157 2768 374 2838 profana
411 2771 705 2838 promiscue
749 2769 966 2820 confusa
1008 2774 1296 2837 carpuntur
1333 2773 1390 2820 et
1429 2769 1756 2831 vellicantur,
1794 2775 1849 2819 et
1886 2771 2069 2819 unius-

158 2856 410 2924 cujusque
434 2857 641 2924 privato
657 2856 867 2924 judicio
892 2873 1035 2907 more
1054 2857 1317 2908 haeretico
1335 2856 1686 2906 examinanda
1704 2860 1759 2906 et
1778 2855 2065 2906 decidenda

158 2942 546 3009 subjiciuntur:
597 2959 702 3011 quo
725 2942 865 2993 nihil
891 2943 1104 3010 spiritui
1139 2941 1495 2992 ecclesiastico
1534 2942 1706 3010 magis
1745 2941 2065 3002 adversatur,

156 3027 398 3095 nihilque
436 3029 607 3097 magis
646 3029 970 3080 contrarium
993 3032 1076 3078 est
1098 3027 1319 3078 monitis
1344 3026 1562 3077 Domini
1587 3026 1769 3088 nostri,
1794 3026 1886 3092 qui
1913 3026 2064 3076 verbo

158 3115 214 3160 et
238 3110 352 3159 vita
376 3126 470 3160 nos
495 3110 678 3161 docuit
701 3112 859 3162 mites
885 3116 941 3162 et
965 3111 1194 3162 humiles
1218 3110 1371 3161 corde
1397 3127 1527 3172 esse,
1552 3114 1608 3161 et
1634 3110 1873 3176 exemplo
1898 3110 2061 3160 etiam

156 3212 319 3262 usque
344 3195 412 3245 ad
436 3200 663 3246 mortem
688 3196 1006 3247 obedientes,

199 3341 201 3344 ι
300 3279 650 3340 Quamobrem
674 3298 880 3332 necesse
907 3286 1004 3345 est,
1030 3286 1092 3332 ut
1108 3281 1371 3349 juvenum
1396 3281 1608 3343 animis,
1634 3281 1760 3331 dum
1796 3282 1852 3330 in
1892 3279 2061 3331 Semi-

154 3365 317 3416 nariis
343 3370 631 3428 versantur,
655 3365 953 3417 insinuetur
976 3384 1138 3434 quam
1168 3367 1402 3417 maxima
1440 3366 1730 3416 reverentia
1768 3370 1929 3431 atque
1970 3365 2059 3415 ob-

156 3450 398 3517 sequium
424 3468 546 3520 erga
571 3450 806 3502 officium
831 3456 886 3503 et
924 3468 1198 3519 personam
1238 3451 1652 3518 uniuscujusque
1694 3451 1787 3516 qui
1831 3452 2062 3501 auctori-

965 3605 980 3631 ¹
998 3603 1125 3644 Matt.
1149 3616 1187 3642 v.
1211 3605 1248 3643 3.

813 3669 831 3696 ²
846 3669 973 3710 Hom.
991 3683 1087 3710 cxx.
1106 3669 1150 3711 S.
1171 3669 1265 3710 Car.
1290 3669 1388 3709 Bor.
