2534 4374
936 481 1182 525 APPEND.
1228 482 1292 525 11.
1935 463 2057 523 195

162 629 391 682 Romani
415 630 702 682 Pontifices
728 630 1147 682 Praedecessores
1171 629 1352 680 Nostri
1380 627 1614 698 Collegio
1640 646 1733 697 pro
1757 628 2066 697 Anglicanis

162 716 499 767 missionibus
548 716 606 767 in
655 714 891 768 Civitate
941 715 1339 784 Ulyssiponensi
1383 716 1675 766 constituto
1724 731 1817 781 pro
1866 731 1958 764 sua
2008 714 2064 763 in

163 800 454 853 Ecclesiam
508 803 807 853 universam
867 802 1224 854 sollicitudine
1268 801 1430 869 juxta
1473 806 1770 868 temporum
1813 800 1897 868 adj
1906 806 2067 850 uncta

163 891 430 959 providere
479 908 584 942 non
635 893 941 943 omiserunt.
1044 891 1169 943 Jam
1221 908 1339 942 vero
1391 890 1694 958 Episcopali
1758 888 2065 940 Hierarchia

162 993 326 1044 nuper
350 993 442 1044 per
466 976 717 1045 Angliam
741 979 1011 1040 restituta,
1035 977 1471 1045 Archiepiscopus
1497 975 2068 1027 westmonasteriensis

163 1067 219 1113 et
255 1062 506 1130 Episcopi
532 1061 707 1129 Regni
745 1062 982 1129 ejusdem
1019 1062 1274 1113 nonnulla
1299 1067 1678 1131 proposuerunt
1703 1061 1895 1129 quibus
1931 1061 2069 1112 bono

164 1147 308 1199 illius
347 1147 560 1216 Anglici
606 1145 830 1216 Collegii
874 1147 1124 1216 regimini
1164 1147 1356 1198 melius
1395 1148 1771 1215 provideretur.
1864 1145 2069 1206 Quibus

163 1235 407 1286 omnibus
455 1238 662 1284 mature
723 1233 1009 1300 perpensiS‚
1058 1232 1184 1294 Nos,
1234 1238 1298 1283 ut
1345 1233 1481 1284 bono
1535 1234 1791 1300 praedicti
1843 1231 2064 1299 Collegii

165 1320 499 1382 Missionum,
547 1335 609 1369 ac
658 1318 796 1369 votis
846 1322 1255 1368 memoratorum
1304 1318 1628 1368 Antistitum
1677 1318 1773 1368 fiat
1822 1318 1969 1379 satis,
2002 1318 2068 1367 de

165 1406 382 1457 consilio
406 1404 521 1456 VV.
548 1404 658 1455 FF.
686 1403 808 1454 NN.
837 1402 1026 1455 S.R.E.
1048 1401 1408 1454 Cardinalium
1434 1404 1664 1471 negotiis
1691 1403 2067 1471 Propagandae

166 1491 319 1541 Fidei
367 1490 800 1558 praepositorum,
851 1488 1185 1539 Auctoritate
1247 1488 1438 1539 Nostra
1488 1495 1667 1539 tenore
1709 1489 2066 1556 praesentium

167 1577 491 1626 Litterarum
528 1574 799 1625 Nuntium
836 1572 1203 1640 Apostolicum
1236 1574 1377 1640 apud
1409 1574 1602 1623 Aulam
1637 1573 1950 1625 Lusitanam
1976 1591 2071 1641 pro

166 1668 403 1729 tempore
461 1662 779 1712 existentem
841 1657 1068 1727 Collegii
1118 1659 1184 1709 de
1233 1676 1337 1727 quo
1387 1677 1557 1727 supra,
1607 1677 1700 1727 pro
1761 1660 2067 1728 Anglicanis

166 1747 508 1798 Missionibus
569 1746 884 1814 Ulyssipone
938 1746 1231 1808 existentis,
1275 1746 1633 1797 Protectorem
1678 1747 2071 1809 constituimus,

164 1833 307 1900 quod
343 1849 538 1883 munus
567 1832 635 1883 ab
659 1831 948 1882 cessatione
973 1830 1132 1881 officii
1161 1830 1422 1882 Praesulis
1448 1831 1803 1899 InquisitoriS‚
1830 1833 1915 1882 cui
1941 1832 2068 1881 olim

166 1919 335 1970 fuerat
361 1919 643 1981 tributum,
662 1917 900 1968 vacabat.
944 1916 1204 1967 Volumus
1230 1922 1515 1984 praeterea,
1540 1921 1700 1983 atque
1726 1917 2072 1979 decernimus,

164 2009 231 2055 ut
264 2003 543 2072 deputatio
580 2002 818 2054 Rectoris
842 2001 1078 2070 ejusdem
1105 2000 1329 2071 Collegii
1359 2001 1456 2053 fiat
1480 2019 1572 2069 per
1598 2000 2069 2070 Congregationem

166 2089 321 2141 Fidei
340 2089 716 2158 Propagandae
734 2089 1110 2156 praepositam,
1124 2093 1245 2155 post
1262 2089 1676 2156 propositionem
1692 2088 2070 2155 Episcoporum

166 2175 406 2245 Angliae.
496 2174 644 2225 Haec
681 2174 1074 2236 constituimus,
1108 2173 1352 2225 volumus
1388 2179 1549 2242 atque
1583 2174 1930 2235 decernimus,
1967 2190 2072 2222 non

166 2261 516 2322 obstantibuS,
559 2264 820 2327 quatenus
863 2275 994 2326 opus
1044 2259 1133 2321 sit,
1177 2258 1370 2310 Nostra
1414 2263 1470 2309 et
1514 2258 1866 2310 Cancellariae
1909 2259 2074 2325 Apos-

167 2346 358 2397 tolicae
401 2345 583 2414 regula
626 2345 692 2395 de
737 2344 855 2412 jure
898 2345 1137 2411 quaesito
1179 2360 1286 2395 non
1328 2343 1579 2406 tollendO,
1623 2360 1824 2394 necnon
1868 2342 2077 2394 Consti-

168 2431 469 2483 tutionibus
522 2434 579 2481 et
634 2429 1007 2481 Sanctionibus
1062 2429 1397 2496 ApostoliciS‚
1447 2430 1739 2496 ceterisque
1801 2429 2075 2479 contrariis

168 2518 603 2586 quibuscumque.

311 2602 513 2653 Datum
550 2601 751 2652 Romae
787 2601 931 2668 apud
976 2598 1235 2652 Sanctum
1273 2600 1492 2651 Petrum
1530 2600 1628 2650 sub
1664 2600 1858 2650 annulo
1898 2599 2076 2650 Pisca-

171 2690 298 2740 toris
321 2689 408 2739 die
433 2690 502 2737 24
527 2686 563 2738 J
565 2688 787 2750 aunarii,
817 2688 972 2750 1854,
998 2687 1349 2738 Pontificatus
1375 2686 1557 2737 Nostri
1582 2703 1719 2736 anno
1745 2691 1946 2736 octavo,

617 2772 719 2823 Pro
742 2772 974 2823 Domino
994 2771 1260 2824 Cardinali
1287 2772 1736 2832 LAMBRUSOHINI,

618 2857 708 2910 JO.
734 2858 797 2908 B.
826 2858 1222 2909 BRANOALEONI
1250 2856 1608 2918 CASTELLAM,
1636 2853 2001 2907 SubstitutuS.

1071 3072 1180 3123 ΙΙΙ.

338 3185 437 3237 DE
474 3185 603 3237 VIA
641 3184 917 3247 ermom,
956 3164 1777 3237 CONFRAT'ERNITATIBUS
1817 3183 1909 3233 ΕΤ

842 3269 1405 3323 SOAPULARIBUS.

175 3365 490 3417 Beatissime
514 3365 691 3428 Pater,

319 3451 568 3503 Nicolaus
606 3450 897 3503 Cardinalis
934 3450 1223 3510 VViseman,
1250 3448 1684 3514 Archiepiscopus
1718 3447 2075 3498 westmonas-

175 3537 431 3600 teriensis,
457 3541 513 3587 et
537 3536 787 3603 Episcopi
811 3535 1037 3603 Angliae
1061 3535 1128 3584 ad
1154 3534 1310 3600 pedes
1337 3532 1389 3584 S.
1410 3533 1475 3582 V.
1501 3531 1749 3599 prostrati
1776 3532 2075 3598 supplicant

174 3628 239 3672 ut
276 3621 329 3673 S.
346 3621 411 3672 V.
438 3622 687 3690 dignetur
723 3636 968 3670 renovare
1005 3618 1319 3668 facultatem
1358 3615 1659 3667 Oratoribus
1690 3616 1757 3666 ad
1782 3617 2078 3682 quinquen-

175 3707 327 3757 nium
353 3722 648 3757 concessam
673 3706 761 3755 die
787 3704 816 3756 7
839 3704 994 3766 Maii,
1024 3702 1179 3764 1857,
1201 3702 1434 3770 erigendi
1455 3700 1725 3751 Stationes
1744 3701 1876 3751 Viae
1897 3700 2075 3751 Crucis

178 3793 288 3842 sive
312 3809 403 3859 per
429 3808 481 3841 se
508 3791 615 3840 sive
640 3806 731 3856 per
751 3789 1035 3856 delegatOS‚
1056 3804 1258 3838 necnon
1285 3792 1337 3836 et
1364 3787 1597 3854 erigendi
1624 3786 2078 3835 confraternitates
