2534 4374
363 458 443 518 14
932 469 1090 512 corso,
1142 466 1304 509 PRov.
1349 464 1573 507 wns'ffl.
1618 465 1657 505 1.

353 626 553 691 urgeat,
577 621 660 672 vel
684 620 978 689 periculum
1003 615 1286 667 immineat
1309 612 1450 679 quod
1474 627 1579 662 non
1605 611 1714 661 sint
1737 610 1963 662 redituri
1989 614 2248 678 petentes,

357 709 399 757 si
425 706 759 774 repellantur.

498 794 548 842 2.
596 790 680 840 Ad
717 787 1062 839 reverentiam
1103 782 1454 834 Sacramentis
1491 780 1877 831 conciliandam
1922 796 2252 847 summopere

355 878 601 944 praestat,
617 877 679 923 ut
698 872 928 923 sacerdos
943 869 1179 920 vestibus
1197 866 1630 917 convenientibus
1648 867 1871 916 indutus
1889 883 1950 916 ea
1965 866 2252 926 ministret3

356 958 742 1026 superpelliceO,
769 956 987 1017 scilicet,
1012 957 1068 1004 et
1093 951 1257 1011 stola3
1297 952 1398 1001 nisi
1422 951 1704 1001 necessitas
1728 950 1883 1002 aliter
1908 951 2144 1013 suadeat,
2167 950 2251 1000 vel

356 1046 456 1095 loci
478 1047 576 1094 aut
599 1043 849 1110 temporis
874 1037 1303 1090 circumstantiae
1320 1053 1427 1086 non
1452 1037 1644 1086 sinant.

500 1132 549 1180 3.
601 1127 964 1195 Opportunam
989 1124 1155 1175 etiam
1194 1140 1258 1173 ex
1292 1122 1409 1189 ipsa
1435 1121 1761 1173 Sacramenti
1796 1121 2255 1173 administratione

357 1214 677 1263 occasionem
713 1211 946 1278 arripiat,
972 1209 1266 1259 doctrinam
1304 1206 1572 1257 Ecclesiae
1609 1207 1674 1257 de
1701 1205 2070 1270 SacramentiS,
2094 1222 2252 1275 gene-

353 1298 513 1347 ratim
539 1297 645 1347 sive
670 1296 728 1345 in
753 1295 941 1363 specie,
965 1293 1123 1361 plane
1147 1296 1204 1342 et
1245 1290 1561 1358 simpliciter
1595 1290 2065 1341 circumstantibus
2087 1290 2256 1358 expli-

357 1382 529 1432 candi.
601 1381 654 1431 N
655 1397 724 1430 on
765 1396 896 1442 rar0,
920 1379 986 1428 de
1011 1394 1190 1428 eorum
1232 1375 1492 1427 fructibus
1514 1378 1571 1426 et
1611 1380 1819 1439 natura,
1865 1377 2126 1444 populum
2153 1377 2255 1428 sibi

358 1467 694 1516 commissum
754 1464 981 1515 fideliter
1049 1463 1280 1512 instruat
1305 1478 1321 1523 3
1393 1464 1550 1512 utens
1620 1462 1850 1513 maxime
1926 1461 2256 1514 Catechismo

361 1551 597 1601 Romano
635 1550 702 1601 ad
738 1548 1002 1616 parochos,
1027 1546 1196 1597 veluti
1235 1545 1582 1596 fundamento
1625 1547 1853 1613 quodam
1892 1547 2256 1598 instructionis

361 1635 660 1685 tradendae.

501 1722 552 1770 4.
597 1718 823 1769 Studeat
863 1718 1027 1768 etiam
1073 1716 1399 1767 munditiem
1446 1720 1504 1768 et
1543 1716 1771 1767 nitorem
1807 1717 1866 1767 in
1907 1717 1975 1768 iis
2013 1718 2256 1768 omnibus

363 1821 579 1867 servare,
605 1820 737 1870 quae
761 1804 818 1852 in
846 1801 1298 1854 sacramentorum
1322 1801 1780 1852 administratione
1798 1801 2096 1852 adhibenda
2114 1806 2258 1866 sunt,

361 1888 423 1934 ut
448 1885 572 1934 inde
597 1883 836 1934 fidelium
860 1883 1147 1934 reverentia
1171 1883 1344 1952 magis
1368 1886 1640 1952 augeatur.

505 1971 555 2020 5.
605 1969 838 2019 Tandem
872 1968 1091 2020 rubricis
1114 1967 1435 2019 adamussim
1477 1967 1765 2034 inhaereat,
1788 1985 1979 2037 easque
2014 1973 2257 2020 accurate

352 2054 615 2108 ⁴observet.

999 2164 1402 2216 DECRETUM
1450 2164 1602 2217 XVI.

1097 2278 1178 2330 De
1212 2278 1523 2351 Baptisma

508 2390 641 2443 Cum
664 2392 800 2443 inter
824 2394 1172 2459 protestantes
1196 2390 1407 2441 nullum
1432 2391 1504 2441 'sit
1527 2391 1720 2460 dogma
1744 2389 1886 2458 quod
1909 2390 2097 2460 magiS,
2115 2388 2258 2442 hisce

366 2479 703 2545 temporibus,
764 2481 1067 2544 corruptum
1116 2476 1354 2538 evaserit,
1408 2492 1569 2543 quam
1617 2476 1759 2543 quod
1806 2476 1873 2527 de
1920 2476 2257 2544 parvulorum

367 2562 757 2630 regeneratione
777 2578 868 2628 per
888 2561 1226 2627 Baptismum
1251 2563 1466 2622 tractat,
1484 2563 1691 2627 oportet
1707 2563 1771 2610 ut
1794 2577 1855 2611 eo
1873 2560 2045 2628 magis
2063 2576 2189 2610 sana
2203 2564 2258 2610 et

369 2647 505 2696 clara
528 2645 792 2696 Ecclesiae
816 2645 1052 2697 doctrina
1075 2644 1173 2695 hac
1198 2661 1350 2712 super
1373 2662 1427 2695 re
1451 2645 1739 2712 perspicue,
1757 2647 1814 2695 et
1837 2660 1990 2712 saepe
2005 2645 2256 2699 tradatur.

372 2730 474 2781 Sed
523 2734 578 2780 et
625 2730 739 2797 ipsa
787 2729 928 2779 tanti
965 2728 1292 2780 Sacramenti
1353 2729 1745 2779 administratio
1804 2728 2038 2778 maximo
2078 2728 2259 2779 decore

370 2814 547 2882 perfici
573 2814 741 2864 debet.
815 2814 1041 2864 Proinde
1066 2814 1337 2880 sequentia
1361 2813 1714 2881 praecipimus
1739 2813 1995 2863 observari
2016 2832 2029 2863 ε

516 2901 563 2949 1.
614 2899 680 2948 In
710 2914 1023 2964 unaquaque
1047 2898 1280 2962 ecclesia,
1305 2899 1394 2948 cui
1430 2915 1632 2948 annexa
1667 2902 1749 2949 est
1783 2915 1907 2949 cura
1943 2898 2259 2959 animarum,

378 2985 451 3035 sit
479 2984 594 3033 fons
626 2981 956 3049 baptismalis
992 2982 1096 3032 nisi
1120 2983 1187 3032 ad
1211 2987 1423 3050 tempus
1449 2985 1826 3051 dispensaverit
1862 2984 2173 3051 EpiscopuS‚
2202 2983 2262 3034 in

371 3068 484 3118 loco
507 3067 784 3133 conspicuo
809 3069 865 3116 et
888 3066 1230 3116 conveniente
1253 3068 1456 3132 positus
1476 3086 1491 3128 3
1530 3069 1587 3117 in
1611 3084 1717 3134 quo
1753 3084 1890 3135 aqua
1925 3068 2256 3135 baptismalis

365 3153 568 3221 jugiter
606 3154 850 3201 servetur.
925 3148 1009 3200 Sit
1050 3150 1293 3201 decenter
1334 3157 1567 3215 ornatuS,
1599 3152 1746 3203 clave
1782 3153 2066 3215 obseratuS,
2106 3158 2178 3216 et,
2215 3154 2261 3203 si

371 3237 514 3287 locus
538 3237 692 3297 sinat,
718 3233 960 3284 cancellis
993 3234 1240 3285 inclusuS.
1316 3234 1755 3286 Commendamus
1792 3236 1960 3304 igitur
1991 3236 2262 3288 observan-

374 3317 507 3366 tiam
577 3314 872 3383 regularum
943 3331 1072 3381 quas
1144 3316 1279 3365 circa
1350 3317 1570 3366 modum
1642 3317 1980 3368 custodiendi
2058 3318 2260 3368 fontem

375 3399 745 3468 baptismalem
807 3398 860 3449 S.
912 3398 1120 3450 Carolus
1169 3399 1508 3451 Borromaeus
1555 3401 1777 3451 tradidit
1804 3400 1889 3470 (¹).
1983 3402 2263 3454 Monemus

379 3486 564 3547 etiam,
599 3482 872 3549 Baptisma
894 3483 1035 3534 haud
1060 3501 1168 3535 esse
1191 3485 1667 3535 administrandum
1690 3501 1827 3552 aqua
1844 3502 1951 3536 non
1972 3487 2267 3549 benedicta,

375 3571 457 3621 vel
480 3569 758 3619 benedicta
793 3584 887 3634 pro
911 3567 1015 3618 alio
1050 3586 1151 3619 usu
1189 3586 1346 3631 sacro,
1383 3569 1591 3620 excluso
1615 3571 1941 3621 necessitatis
1976 3587 2098 3622 casu
2121 3572 2206 3622 uti
2229 3590 2261 3622 a

376 3654 658 3704 Benedicto
683 3652 831 3703 XIV.
856 3653 1149 3720 explicatur
1168 3653 1564 3705 Constitutione
1589 3654 1743 3705 Inter
1766 3653 2110 3722 mnniyenac,
2131 3657 2155 3723 ξ
2178 3659 2258 3707 10.

519 3804 575 3856 (1)
615 3803 671 3842 In
698 3803 939 3856 Appendice
965 3802 1120 3843 relatae
1146 3805 1258 3854 sunt,
1287 3803 1338 3843 11⁹
1362 3803 1442 3854 XI,
1461 3817 1502 3856 p.
1523 3807 1589 3845 63.
