2534 4374
818 968 1540 1046 APPROBATIO.

1064 1213 1314 1223 *ἡ

934 1386 1422 1449 DECRETUM

335 1554 388 1607 S.
443 1552 1085 1606 CONGREGATIONIS
1141 1553 1236 1603 DE
1291 1554 1772 1606 I’ROPAGANDA
1826 1557 2018 1608 FIDE.

372 1707 630 1768 Secunda,
646 1709 767 1773 post
785 1704 1091 1755 restitutam
1112 1705 1169 1755 in
1186 1705 1380 1773 Anglia
1397 1707 1746 1774 episcopalem
1764 1707 2127 1773 hierarchiam,

220 1791 564 1860 provincialis
615 1790 857 1860 Synodus
899 1789 1084 1840 habita
1128 1794 1209 1840 est
1252 1790 1515 1857 superiore
1558 1808 1695 1842 anno
1739 1794 1877 1860 apud
1925 1794 2126 1857 Oscott,

227 1878 557 1946 praesidente
582 1876 1023 1927 Eminentissimo
1048 1892 1109 1926 ac
1135 1874 1588 1926 Reverendissimo
1614 1876 1842 1928 Domino
1863 1879 2124 1931 Cardinali

226 1964 497 2015 Wiseman
520 1962 927 2030 Archiepiscopo
951 1960 1522 2024 westmonasteriensi,
1547 1963 1660 2029 pari
1693 1979 1815 2013 cum
1855 1964 2029 2014 fructu
2068 1984 2127 2015 ac

225 2050 366 2117 prior
401 2064 540 2099 anno
583 2049 718 2098 1852
757 2046 1188 2116 inaugurabatur.
1262 2046 1412 2096 Actis
1448 2046 1631 2113 itaque
1666 2048 1877 2098 secundi
1906 2047 2126 2100 Concilii

229 2132 563 2202 provincialis
612 2131 1187 2183 Westmonasteriensis
1236 2132 1517 2199 propositis
1567 2134 1622 2182 in
1673 2134 1902 2201 generali
1962 2152 2129 2184 sacrae

229 2218 666 2289 Congregationis
692 2222 956 2268 conventu
982 2217 1090 2268 diei
1117 2219 1181 2267 21
1211 2216 1245 2268 J
1249 2217 1348 2267 ulii
1380 2218 1535 2280 1856,
1560 2219 1811 2270 referente
1850 2219 2132 2270 Eminent-

229 2306 411 2356 issimo
448 2321 508 2354 ac
546 2302 1001 2354 Reverendissimo
1040 2302 1269 2353 Domino
1308 2301 1572 2353 Cardinali
1613 2303 1882 2353 Ludovico
1922 2304 2130 2363 Alticn',

230 2387 660 2441 Eminentissimi
686 2387 869 2438 Patres
894 2391 1211 2437 censuerunt
1247 2387 1578 2454 praedictum
1606 2385 1922 2450 Concilium,
1948 2392 2130 2456 paucis

229 2474 549 2543 quibusdam
590 2473 658 2523 ad
701 2471 984 2540 peculiaris
1027 2472 1411 2535 instructioniS,
1449 2488 1583 2539 quae
1626 2473 1842 2522 insimul
1887 2474 2130 2536 traditur,

230 2563 451 2613 formam
475 2559 719 2621 redactiS,
744 2575 853 2608 esse
878 2557 1293 2625 approbandum.

375 2647 530 2696 Hane
590 2661 710 2695 vero
776 2642 830 2694 S.
894 2641 1332 2712 Congregationis
1399 2644 1717 2694 sententiam
1787 2643 2130 2696 Sanctis-simo

229 2733 458 2785 Domino
495 2730 595 2781 Pio
632 2729 808 2796 Papae
843 2727 943 2778 IX.
974 2745 1066 2795 per
1103 2728 1495 2796 infrascriptum
1535 2729 1868 2779 secretalium
1908 2729 2125 2780 relatam

222 2820 287 2869 in
311 2817 586 2868 audientia
609 2815 717 2866 diei
744 2813 810 2865 27
833 2813 868 2865 J
871 2813 968 2863 ulii
992 2813 1148 2875 1856,
1170 2812 1435 2864 Sanctitas
1455 2812 1562 2864 Sua
1581 2814 1816 2875 admisit,
1835 2815 2129 2881 annuitque

230 2904 380 2956 reddi
406 2903 694 2954 decretum.

373 2976 574 3039 Datum
599 3003 663 3037 ex
688 2985 923 3036 Aedibus
961 2984 1013 3036 S.
1047 2982 1480 3053 Congregationis
1516 2985 1579 3034 de
1618 2984 1957 3053 Propaganda
2000 2985 2126 3033 Fid.-

221 3073 316 3123 die
346 3073 411 3124 16
437 3070 666 3140 Augusti
696 3068 852 3120 1856.

856 3242 956 3297 AL.
995 3241 1289 3295 Cardinalis
1326 3241 1606 3304 BARNABO,
1643 3239 1982 3309 Praefectus.

300 3421 365 3476 L.
402 3420 456 3473 ›1‹
492 3419 547 3477 S.

684 3595 894 3660 cum„
931 3593 1367 3662 Archiepiscopus
1402 3590 1639 3652 Thebar„
1676 3606 1710 3640 a
1747 3586 1978 3641 secretis.
