2534 4374
505 404 624 462 156
1057 425 1218 467 coxo,
1263 426 1431 469 psov.
1481 428 1702 472 wss'rM.
1750 432 1835 472 111.

490 575 547 615 et
590 571 964 622 commensales
1003 570 1322 635 SacerdoteS,
1347 573 1604 626 Diaconos
1630 583 1684 626 et
1712 577 2066 629 Subdiaconos
2092 582 2392 648 assumpsit,

485 652 584 717 qui
628 671 807 705 omnes
849 657 1015 719 victu,
1059 657 1414 724 suppellectili
1456 675 1517 710 ac
1556 662 1756 712 vestitu
1793 663 2050 730 aequales,
2078 665 2245 715 vitam
2271 682 2391 717 vere

491 738 848 804 Apostolicam
892 740 1167 809 degebant.
1243 746 1275 772 ‘⁶
1297 741 1501 805 Volui,”
1543 743 1657 811 ipse
1699 746 1896 810 scribit,
1934 751 1967 777 “
1987 747 2175 798 habere
2208 750 2266 799 in
2290 750 2396 800 ista

490 825 647 874 domo
674 826 1049 876 monasterium
1075 826 1447 879 clericorum.”¹
1525 828 1628 881 Sed
1654 832 2021 883 testimonium
2047 833 2394 886 clarissimum

491 911 641 960 nobis
666 911 880 977 praebet
903 911 1189 961 secundum
1214 912 1529 964 Toletanum
1550 913 1864 979 Concilium,
1883 934 2044 983 quam
2070 924 2313 970 accurate
2335 921 2394 970 in

489 995 712 1061 antiqua
754 992 990 1043 Ecclesia
1032 992 1442 1047 Seminariorum
1482 998 1727 1050 fundatio
1769 999 2108 1064 describatur,
2151 1003 2394 1068 quamvis

492 1076 590 1125 hoc
639 1076 853 1125 nomine
900 1076 1136 1128 nondum
1185 1077 1383 1128 fuerint
1429 1079 1722 1149 designata.
1839 1081 1922 1131 En
1970 1083 2084 1149 ipsa
2151 1083 2395 1135 Toletani

493 1163 664 1212 verba.
739 1166 773 1192 ‘⁶
787 1161 867 1212 De
915 1161 997 1212 his
1037 1179 1165 1230 quos
1204 1163 1446 1214 voluntas
1488 1170 1768 1232 parentum
1811 1166 1869 1216 in
1911 1168 2095 1234 primis
2138 1168 2396 1220 infantiae

489 1249 645 1314 annis
670 1248 728 1298 in
753 1248 1030 1299 clericatus
1054 1233 1225 1300 officio
1249 1250 1332 1300 vel
1357 1251 1655 1302 monachali
1680 1252 1876 1319 posuit,
1894 1253 2092 1320 pariter
2111 1255 2395 1305 statuimus

493 1334 872 1384 observandum
897 1340 962 1385 ut
985 1351 1109 1385 mox
1133 1352 1256 1386 cum
1282 1337 1506 1400 detonsi,
1531 1337 1615 1388 vel
1655 1337 1948 1388 ministerio
1986 1338 2242 1388 lectorum
2273 1356 2395 1390 con-

499 1420 680 1470 traditi
725 1421 939 1483 fuerint,
982 1422 1040 1470 in
1083 1422 1241 1472 domo
1289 1422 1556 1473 Ecclesiae
1605 1422 1704 1473 sub
1745 1422 2050 1490 Episcopali
2097 1426 2395 1491 praesentia

488 1512 548 1555 et
582 1507 875 1573 praeposito
919 1506 1021 1558 sibi
1061 1507 1289 1558 debeant
1327 1507 1537 1558 erudiri.
1611 1507 1686 1558 At
1721 1508 1816 1559 ubi
1842 1511 2088 1559 octavum
2125 1509 2393 1560 decimum

490 1593 685 1643 aetatis
727 1609 851 1644 suae
892 1609 1094 1643 annum
1131 1593 1529 1661 compleverint,
1563 1592 1608 1644 si
1645 1594 1819 1663 gratia
1859 1595 1935 1645 eis
1977 1594 2240 1645 castitatis
2283 1595 2395 1646 Deo

494 1678 783 1745 inspirante
818 1678 1095 1746 placuerit,
1131 1677 1191 1728 hi
1224 1683 1480 1746 tanquam
1517 1679 1839 1746 appetitores
1877 1679 2203 1730 arctissimae
2227 1680 2390 1743 vitae,

494 1766 755 1815 levissimo
774 1762 991 1814 Domini
1007 1763 1143 1833 jugo
1167 1761 1475 1826 subdantur,
1492 1780 1554 1814 ac
1578 1763 1751 1830 primo
1777 1763 2182 1814 subdiaconatus
2207 1765 2393 1815 minis-

494 1850 688 1901 terium
737 1850 1047 1917 probatione
1087 1848 1272 1900 habita
1319 1848 1652 1916 professionis
1699 1865 1823 1900 suae
1871 1865 1903 1899 a
1950 1849 2211 1918 vigesimo
2253 1864 2391 1902 anno

495 1935 854 2004 suscipiant.”²
950 1935 1017 1986 In
1058 1940 1247 2003 quarto
1287 1935 1482 2002 pariter
1522 1935 1565 2002 ej
1574 1935 1756 1986 usdem
1799 1935 1944 1986 urbis
1985 1933 2238 1998 Concilio,
2287 1937 2392 1987 duo

491 2024 836 2075 contubernia
860 2021 1243 2084 describuntur,
1266 2020 1435 2071 veluti
1459 2020 1517 2070 in
1554 2021 1683 2088 ipsis
1719 2021 1937 2072 aedibus
1974 2020 2225 2088 Episcopi
2259 2023 2392 2072 exis-

493 2111 683 2173 tentia,
723 2125 892 2161 unum
934 2108 1359 2177 Presbyterorum
1400 2125 1522 2158 cum
1559 2125 1621 2159 eo
1659 2109 2072 2173 conviventium,
2112 2126 2388 2179 puerorum

493 2197 737 2259 alterum,
785 2196 879 2262 qui
927 2194 1211 2261 separatim
1257 2192 1534 2244 alebantur
1580 2198 1637 2243 et
1696 2195 2069 2245 erudiebantur
2116 2212 2237 2246 cum
2299 2213 2388 2264 spe

494 2281 706 2332 illorum
730 2281 905 2348 plures
931 2295 1022 2331 suo
1047 2282 1282 2346 tempore
1306 2277 1653 2328 sacerdotium
1680 2279 2046 2346 appetituros.3

638 2365 742 2418 Sed
779 2371 843 2416 ut
878 2366 946 2416 ad
982 2370 1220 2432 tempora
1254 2363 1444 2415 nostris
1479 2364 1851 2432 propinquiora
1887 2366 2102 2417 tandem
2145 2367 2390 2418 devenia—

493 2470 628 2515 muS,
653 2467 758 2502 non
783 2467 1056 2518 possumus
1080 2465 1186 2500 non
1223 2449 1426 2511 laetari,
1449 2465 1482 2498 a
1516 2447 1746 2500 Domino
1780 2454 1988 2500 nostrae
2025 2452 2148 2502 huic
2183 2452 2387 2519 regimi

488 2555 554 2588 ac
613 2538 816 2604 patriae
877 2535 1156 2604 elargitam
1215 2534 1375 2585 fuisse
1434 2533 1679 2603 gratiam,
1733 2534 1792 2584 ni
1852 2535 2073 2604 gloriam
2134 2536 2389 2598 dicamuS,

494 2623 726 2690 primum
801 2620 1083 2672 Seminarii
1154 2623 1212 2670 et
1269 2635 1474 2670 nomen
1544 2622 1601 2669 et
1659 2618 2058 2670 institutionem
2119 2619 2386 2671 Ecclesiae

490 2707 823 2777 suggessisse.
899 2704 1364 2756 Eminentissimus
1400 2702 1561 2767 enim,
1598 2720 1819 2771 vereque
1855 2705 2170 2756 clarissimus
2208 2704 2387 2756 Cardi-

492 2793 629 2844 nalis
702 2790 1026 2860 Reginaldus
1097 2789 1260 2841 Polus
1331 2806 1453 2840 cum
1524 2785 1747 2859 Angliae
1828 2789 2138 2852 Ecclesiam,
2197 2790 2386 2841 misere

493 2881 816 2930 destructam
864 2881 1025 2942 atque
1072 2874 1309 2942 undique
1357 2873 1654 2941 spoliatam,
1702 2874 2006 2941 Apostolica
2053 2873 2385 2924 Auctoritate

490 2965 748 3025 visitaret,
784 2977 922 3012 anno
966 2961 1120 3024 1556,
1156 2961 1296 3010 inter
1337 2959 1549 3028 egregia
1585 2959 1816 3025 plurima
1857 2959 2065 3010 decreta
2114 2975 2251 3026 quae
2289 2975 2383 3026 pro

492 3049 883 3100 Reformatione
922 3045 1096 3114 Regni
1136 3045 1330 3096 statuit
1369 3049 1426 3095 et
1464 3044 1652 3106 edidit,
1694 3042 1792 3094 hoc
1830 3043 2000 3094 veluti
2041 3044 2383 3111 praecipuum

491 3135 613 3185 talis
650 3131 1057 3183 Reformationis
1093 3130 1311 3181 modum
1347 3130 1686 3198 excogitavit,
1710 3133 1775 3179 ut
1809 3145 2154 3195 unaquaeque
2192 3127 2383 3180 Cathe-

491 3220 648 3270 dralis
674 3217 908 3269 Ecclesia
932 3216 1034 3267 sibi
1067 3231 1324 3266 annexam
1359 3213 1574 3265 haberet
1609 3213 1856 3276 scholam,
1893 3213 1951 3263 in
1987 3229 2090 3279 qua
2132 3217 2167 3242 ‘⁶
2182 3211 2381 3263 soboles

489 3304 764 3373 quaedam,
801 3306 857 3352 et
889 3305 1142 3368 tanquam
1187 3299 1539 3350 Seminarium
1578 3299 1938 3348 ministrorum
1974 3297 2288 3347 instituatur
2325 3302 2382 3346 et

483 3386 860 3442 conservetur.''
933 3384 1115 3455 Pergit
1151 3400 1271 3436 vero
1309 3384 1390 3435 vir
1429 3381 1906 3451 praestantissimus
1949 3381 2079 3434 adeo
2120 3381 2379 3448 praeclare

942 3567 961 3604 1
983 3563 1066 3615 Ap.
1086 3561 1302 3602 Thomass.
1321 3558 1442 3599 Tom.
1463 3558 1504 3598 Ι.
1524 3570 1566 3610 p.
1590 3559 1681 3598 623.
1711 3555 1792 3597 Ed.
1818 3558 1936 3596 1688.

939 3629 963 3667 2
983 3627 1109 3667 Oonc.
1131 3625 1382 3666 Toletanum
1399 3623 1463 3664 H.
1485 3622 1598 3664 Ibid.
1619 3623 1739 3663 Tom.
1761 3622 1800 3663 Ι.
1821 3634 1864 3674 p.
1887 3624 1979 3663 629.

941 3695 964 3735 3
984 3692 1096 3733 Ibid.
