2534 4374
428 430 556 490 408
1186 448 1422 490 ADDrrio
1465 448 1569 491 vn.

570 595 627 646 Si
653 594 978 662 responderit
1001 594 1333 656 affirmative,
1358 609 1464 643 non
1490 593 1802 660 procedatur
1824 594 1892 645 ad
1915 594 2207 656 licentiam,
2229 595 2334 646 nisi

422 680 779 747 producantur
815 678 1152 728 authenticae
1178 682 1233 727 et
1272 676 1465 744 legales
1505 677 1894 742 attestationeS,
1919 679 2005 730 vel
2038 684 2197 731 testes
2227 679 2334 731 fide

421 765 594 833 digni,
622 768 677 814 et
701 762 1058 813 verisimiliter
1081 761 1354 812 informati
1379 762 1443 812 de
1468 762 1622 813 obitu
1647 764 1888 832 conjugis
1914 764 2171 816 defuncti.

569 861 627 911 Si
647 878 763 911 vero
774 860 944 910 Testis
963 859 1305 926 responderit,
1315 875 1422 909 non
1431 859 1673 912 habuisse
1688 878 1903 912 uxorem
1913 862 1997 913 vel
2006 863 2334 914 maritum—-

568 959 637 1010 X.
688 959 1049 1026 Interrogetur
1067 958 1131 1008 de
1155 974 1313 1008 causa
1338 958 1609 1022 scientiae,
1632 963 1689 1010 et
1712 975 1782 1010 an
1807 961 1879 1011 sit
1901 961 2168 1028 possibile,
2192 963 2334 1030 quod

420 1045 616 1112 aliquis
641 1061 704 1094 ex
728 1044 835 1094 illis
859 1043 1103 1095 habuerit
1126 1060 1343 1094 uxorem
1366 1043 1451 1095 vel
1482 1045 1755 1110 maritum,
1779 1050 1836 1096 et
1858 1047 2001 1114 quod
2025 1047 2139 1114 ipse
2163 1047 2333 1100 Testis

426 1131 642 1180 nesciat.

567 1228 626 1279 Si
649 1228 973 1295 responderit
1007 1227 1339 1290 affirmative,
1375 1228 1785 1296 supersedeatur,
1808 1230 1915 1280 nisi
1951 1247 2015 1281 ex
2039 1230 2158 1282 aliis
2181 1232 2335 1282 ‘oesti-

423 1314 521 1364 bus
545 1314 793 1381 probetur
817 1312 1206 1376 concludenter,
1231 1330 1339 1364 non
1362 1312 1606 1365 habuisse
1629 1331 1845 1365 uxorem
1868 1315 1952 1365 vel
1975 1316 2247 1367 maritum.

570 1412 626 1464 Si
652 1430 772 1464 vero
796 1413 1120 1480 responderit
1143 1414 1460 1482 negative—

568 1511 668 1563 ΧΙ.
719 1511 1079 1580 Interrogetur
1103 1512 1168 1563 de
1207 1529 1364 1563 causa
1403 1513 1673 1576 scientiae,
1713 1531 1777 1565 ex
1818 1530 1924 1582 qua
1948 1514 2137 1565 deinde
2159 1513 2195 1565 J
2197 1514 2333 1566 udex

422 1597 671 1666 colligere
695 1597 911 1664 poterit,
936 1614 1004 1646 an
1029 1596 1176 1647 Testi
1202 1597 1271 1648 sit
1297 1598 1470 1648 danda
1506 1598 1652 1649 fides.

570 1695 626 1747 Si
675 1696 1016 1763 responderit,
1060 1697 1362 1747 contrahere
1405 1696 1641 1748 volentes
1689 1697 1934 1748 habuisse
1983 1715 2197 1749 uxorem
2247 1699 2331 1750 vel

426 1786 698 1844 maritum,
723 1782 813 1832 sed
839 1799 947 1832 esse
971 1786 1277 1841 mortuos—

568 1882 701 1932 XII.
752 1881 1112 1947 Interrogetur
1136 1880 1200 1931 de
1224 1880 1355 1943 loce,
1383 1884 1440 1931 et
1472 1885 1728 1947 tempore,
1753 1898 1858 1948 quo
1885 1885 2010 1932 sunt
2033 1883 2252 1945 mortui,
2277 1887 2333 1934 et

421 1968 687 2035 quomodo
711 1967 824 2034 ipse
849 1966 1019 2017 Testis
1044 1965 1195 2028 sciat,
1220 1965 1378 2016 fuisse
1402 1966 1670 2035 conjugeS,
1695 1970 1751 2017 et
1774 1982 1916 2017 nunc
1941 1984 2047 2017 esse
2080 1973 2330 2018 mortuos.
2422 1993 2424 2001 >

570 2067 643 2116 Et
660 2066 703 2116 si
718 2064 1044 2132 respondeat,
1059 2068 1293 2114 mortuos
1309 2065 1468 2114 fuisse
1482 2064 1542 2114 in
1559 2064 1739 2131 aliquo
1754 2063 2024 2132 hospitali,
2038 2064 2124 2116 vel
2141 2065 2331 2116 vidisse

427 2151 635 2219 sepeliri
661 2153 718 2200 in
743 2154 886 2200 certa
908 2149 1144 2212 ecclesia,
1168 2148 1252 2199 vel
1276 2149 1543 2200 occasione
1580 2149 1808 2199 militiae
1847 2149 2079 2216 sepultos
2117 2150 2276 2201 fuisse
2299 2167 2334 2200 a

426 2243 708 2304 militibus,
755 2257 862 2291 non
910 2241 1066 2291 detur
1113 2239 1329 2290 licentia
1376 2239 1740 2301 contrahendi,
1782 2239 1884 2289 nisi
1932 2239 2077 2306 prius
2124 2244 2331 2306 recepto

426 2328 733 2379 testimonio
781 2326 1088 2376 authentico
1136 2342 1168 2375 a
1211 2325 1434 2375 Rectore
1476 2324 1772 2392 hospitaIiS,
1813 2324 1872 2374 in
1921 2341 2026 2392 quo
2073 2325 2332 2392 praedicti

424 2415 771 2475 decesserunt,
817 2411 901 2462 vel
943 2429 975 2461 a
1019 2411 1241 2461 Rectore
1286 2409 1568 2472 Ecclesiae,
1610 2409 1669 2459 in
1710 2425 1815 2476 qua
1856 2409 2076 2459 humata
2118 2409 2332 2460 fuerunt

424 2516 607 2550 eorum
631 2499 898 2559 cadavera,
921 2496 1026 2559 vel,
1050 2496 1096 2546 si
1119 2495 1233 2546 fieri
1257 2500 1452 2563 potest,
1485 2513 1518 2546 a
1553 2495 1701 2545 Duce
1725 2495 1870 2545 illius
1895 2495 2121 2546 cohortis
2144 2496 2200 2545 in
2226 2512 2332 2563 qua

424 2584 720 2649 descriptus
745 2587 857 2633 erat
880 2581 1050 2632 miles,

571 2681 630 2733 Si
654 2686 836 2731 tamen
860 2680 1164 2747 hujusmodi
1198 2681 1504 2731 testimonia
1545 2678 1726 2730 haberi
1767 2695 1875 2730 non
1914 2665 2151 2746 possunt,
2175 2679 2332 2731 Sacra

426 2768 778 2836 Congregatio
819 2783 926 2817 non
962 2768 1197 2818 intendit
1237 2766 1510 2817 excludere
1549 2766 1679 2816 alias
1716 2765 2067 2833 probationes,
2108 2783 2243 2833 quae
2267 2767 2330 2817 de

417 2855 541 2922 jure
590 2852 861 2903 communi
908 2856 1129 2919 possunt
1176 2853 1412 2915 admitti,
1461 2852 1749 2903 dummodo
1798 2852 1905 2902 sint
1952 2851 2228 2920 legitimae
2276 2857 2330 2902 et

430 2938 762 2989 sufficientes,

572 3036 734 3086 XIII.
784 3035 1161 3103 Interrogetur,
1184 3051 1253 3084 an
1277 3038 1396 3102 post
1421 3039 1646 3086 mortem
1665 3034 1801 3085 dicti
1819 3034 2059 3102 conjugis
2077 3034 2330 3097 defuncti,

426 3122 620 3190 aliquis
644 3138 708 3172 ex
730 3120 1013 3188 praedictis
1038 3118 1340 3170 contrahere
1383 3119 1683 3170 volentibus
1723 3119 1990 3170 transierit
2012 3119 2082 3169 ad
2106 3120 2331 3170 secunda

429 3215 569 3258 vota.

574 3299 633 3351 Si
657 3297 983 3367 responderit
1006 3298 1324 3366 negative—

572 3398 720 3449 XIV.
773 3397 1146 3466 Interrogetur,
1195 3414 1264 3447 an
1313 3412 1421 3447 esse
1468 3396 1653 3463 possit,
1688 3396 1830 3462 quod
1872 3395 2063 3462 aliquis
2112 3411 2176 3446 ex
2222 3396 2331 3447 illis

427 3484 697 3535 transierit
722 3484 790 3534 ad
815 3483 1041 3535 secimda
1065 3486 1206 3546 vota,
1231 3482 1426 3548 absque
1451 3499 1529 3543 ec,
1554 3482 1694 3548 quod
1719 3482 1831 3549 ipse
1856 3480 2027 3531 Testis
2052 3481 2201 3532 sciat.

575 3582 633 3634 Si
657 3582 982 3651 responderit
1005 3581 1336 3644 affirmative,
1374 3581 1770 3649 supersedeatur
1807 3582 1866 3630 in
1904 3579 2139 3641 licentia,
2165 3579 2330 3629 donec

428 3668 784 3736 producantur
807 3667 1006 3729 TesteS,
1030 3683 1123 3734 per
1147 3682 1276 3733 quos
1300 3665 1548 3734 negativa
1571 3668 1864 3715 coarctetur
1888 3664 2273 3715 concludenter.
