2534 4374
351 446 396 510 2
921 457 1082 502 conc,
1125 456 1291 501 Paov.
1335 453 1557 497 wnsru.
1599 454 1643 497 1.

726 1245 1230 1332 CONOILII
1310 1254 1845 1331 DECRETA.

966 1674 969 1676 ’
1039 1713 1441 1769 DECRETUM
1486 1709 1535 1766 1.

944 1907 1026 1963 De
1058 1906 1362 1979 aperienda
1395 1903 1638 1976 Synodo.

488 2085 555 2136 In
578 2086 790 2137 nomine
816 2084 1182 2137 sacrosanctae
1205 2087 1261 2134 et
1282 2082 1591 2134 individuae
1626 2079 1923 2144 Trinitatis,
1945 2078 2140 2146 Patris,
2173 2083 2233 2134 et

347 2170 495 2233 Filii,
521 2174 576 2221 et
601 2170 830 2238 Spiritus
855 2170 1040 2221 sancti.
1113 2170 1300 2219 Amen.

487 2255 602 2305 Nos
648 2253 700 2304 N
701 2265 930 2306 ICOLAUS
976 2253 1314 2304 miseratione
1373 2252 1558 2303 divina
1617 2250 1672 2303 S.
1733 2246 1799 2303 R.
1850 2251 1915 2304 E.
1964 2251 2128 2304 titulo
2176 2251 2237 2320 S,

346 2340 709 2392 Pudentianae
731 2339 998 2407 presbyter
1021 2337 1299 2389 cardinalis
1324 2336 1591 2387 Wiseman
1614 2335 2032 2404 archiepiscopus
2059 2336 2232 2388 West-

347 2427 781 2489 monasteriensiS,
830 2426 897 2476 ad
943 2424 1154 2475 laudem
1202 2426 1259 2474 et
1311 2421 1535 2491 gloriam
1582 2420 1684 2471 Dei
1732 2421 2130 2489 omnipotentiS,
2177 2426 2234 2474 et

350 2511 629 2563 Salvatoris
688 2512 851 2561 nostri
910 2509 947 2561 J
949 2527 1039 2560 esu
1100 2506 1314 2570 Christi,
1373 2506 1442 2557 ad
1501 2506 1751 2556 honorem
1798 2506 2130 2558 beatissimae
2176 2511 2233 2559 et

348 2595 716 2647 immaculatae
739 2595 972 2662 Virginis
996 2593 1099 2644 Dei
1125 2591 1413 2644 Genitricis
1436 2590 1636 2641 Mariae
1672 2591 1948 2642 beatorum
1972 2592 2234 2659 apostolo-

349 2698 467 2732 rum
501 2681 645 2731 Petri
681 2685 738 2732 et
771 2680 945 2743 Pauli,
981 2681 1280 2730 sanctorum
1315 2679 1607 2743 martyrum
1642 2675 1873 2727 Thomae
1909 2680 1966 2727 et
1997 2677 2232 2748 Georgii,

347 2770 426 2819 et.
461 2764 699 2816 omnium
746 2768 1060 2828 sanctorum,
1102 2763 1171 2813 ad
1218 2760 1640 2812 aedificationem
1690 2760 1958 2812 Ecclesiae
2004 2761 2124 2826 Dei,
2163 2764 2231 2814 ad

348 2850 675 2917 corrigendos
722 2849 928 2912 abusus,
976 2849 1237 2916 pietatem
1285 2845 1565 2897 fovendam
1613 2847 1670 2896 et
1716 2845 1890 2896 zelum
1936 2848 2231 2899 animarum

350 2935 669 3002 augendum,
693 2938 807 2985 tam
830 2934 890 2984 in
913 2934 1048 2985 clero
1073 2950 1234 3001 quam
1256 2933 1315 2983 in
1338 2930 1534 2998 populo
1553 2948 1568 2992 3
1991 2924 1994 2927 ⁴

495 3018 792 3070 Statuimus
817 3022 872 3070 et
895 3019 1237 3080 decernimus,
1262 3018 1327 3068 de
1363 3015 1580 3067 consilio
1616 3018 1672 3066 et
1706 3032 1960 3067 consensu
1988 3016 2229 3070 illustris-

349 3106 602 3155 simorum
627 3119 688 3154 ac
723 3104 1266 3154 reverendissimorum
1300 3101 1416 3152 DD.
1454 3102 1816 3169 episcoporum
1851 3102 2092 3171 Angliae,
2133 3103 2231 3155 hoc

350 3191 464 3257 ipso
500 3189 587 3239 die
620 3190 713 3256 qui
747 3193 828 3239 est
863 3191 1041 3239 sextus
1077 3189 1269 3238 mensis
1304 3187 1340 3238 J
1341 3186 1442 3236 ulii
1483 3186 1642 3254 hujus
1666 3188 1792 3236 anni
1817 3198 2097 3251 MDCOCLH,
2120 3187 2232 3240 Deo

349 3274 650 3340 adjuvante,
697 3273 915 3323 initium
962 3272 1091 3335 fieri,
1140 3276 1196 3322 et
1246 3271 1364 3339 jam
1411 3271 1615 3321 factum
1668 3288 1777 3322 esse
1826 3272 1984 3340 hujus
2033 3271 2231 3341 Synodi

351 3357 683 3425 provincialis
706 3357 945 3424 Angliae,
969 3357 1111 3424 apud
1136 3356 1416 3424 collegium
1443 3355 1496 3408 S.
1522 3356 1724 3408 Mariae
1747 3358 1814 3408 de
1836 3357 2038 3422 Oscott,
2068 3374 2230 3426 quam

348 3442 419 3491 ad
443 3442 582 3491 hunc
605 3441 748 3491 diem
772 3445 827 3491 et
861 3441 1036 3492 locum
1072 3442 1470 3492 convocavimus
1504 3446 1559 3491 et
1582 3442 1888 3505 indiximuS,
1912 3460 2005 3510 per
2027 3443 2230 3495 litteras

352 3530 553 3576 nostras
599 3525 748 3575 datas
793 3525 879 3575 die
927 3525 1152 3576 secundo
1202 3525 1396 3576 mensis
1445 3524 1718 3576 Februarii
1765 3527 2001 3593 proxime
2047 3526 2228 3594 elapsi.

354 3608 512 3658 Faxit
570 3608 727 3671 DeuS,
772 3613 837 3659 ut
882 3610 1140 3676 quidquid
1188 3626 1220 3659 a
1266 3609 1415 3660 nobis
1461 3609 1521 3659 in
1568 3610 1666 3661 hoc
1710 3608 1944 3662 Concilio
1983 3614 2229 3679 coeptum

349 3692 750 3759 absolutumque
798 3693 975 3756 fuerit,
1022 3694 1089 3745 ad
1130 3695 1295 3761 ipsius
1343 3695 1608 3759 honorem,
1656 3696 1723 3747 ad
1772 3696 2037 3747 Ecclesiae
2085 3713 2226 3747 com-

351 3776 584 3839 modum,
608 3780 664 3826 et
687 3776 753 3827 ad
777 3777 1070 3828 animarum
1094 3778 1320 3829 salutem
1343 3782 1484 3830 recte
1507 3779 1621 3843 fiat,
1640 3783 1695 3830 et
1718 3781 1948 3830 maxime
1971 3779 2208 3836 proficiat
