2534 4374
480 440 605 500 110
1058 451 1219 495 coNc.
1264 451 1437 493 PROV.
1481 450 1701 493 WEsTM.
1747 451 1810 493 11.

465 609 634 659 -olicae
672 603 912 656 veritatis
947 605 1004 653 et
1039 601 1268 652 unitatis
1306 604 1564 662 centrum,
1591 601 1648 650 in
1674 617 1780 670 qua
1806 601 1976 652 solum
2001 600 2381 652 inviolabiliter

473 694 578 744 fuit
602 691 867 742 custodita
904 686 1135 754 Religio,
1173 691 1229 736 et
1264 702 1328 735 ex
1366 702 1471 752 qua
1495 686 1769 736 traducem
1793 685 1920 737 fidei
1944 686 2174 754 reliquae
2198 702 2380 738 omnes

471 777 732 828 Ecclesiae
768 776 1083 825 mutuentur
1120 774 1342 838 oportet.
1418 770 1610 837 Itaque
1647 771 1831 822 eadem
1869 771 2108 823 Romana
2146 771 2380 823 Ecclesia

469 859 607 910 nihil
655 858 833 925 potius
882 854 1089 916 habuit,
1140 869 1303 920 quam
1352 852 1802 920 eloquentissimis
1852 854 2147 922 quibusque
2207 854 2378 904 modis

469 943 879 996 Immaculatam
904 939 1140 1007 Virginis
1168 937 1599 1005 Conceptionem‚
1626 937 1670 1005 ej
1678 955 1843 1005 usque
1868 939 2076 990 cultum
2100 945 2166 990 et·
2185 939 2379 990 doctri-

466 1046 572 1079 nan
597 1043 830 1089 asserere,
869 1026 1027 1087 tueri,
1064 1040 1368 1091 promovere
1406 1027 1462 1073 et
1499 1023 1786 1074 vindicare.
1863 1023 2014 1084 Quod
2051 1025 2377 1092 apertissime

465 1113 875 1181 planissimeque
915 1114 1181 1160 testantur
1229 1113 1285 1159 et
1335 1108 1606 1158 declarant
1656 1112 1742 1159 tot
1790 1109 2024 1178 insignia
2073 1127 2197 1161 sane
2257 1113 2378 1160 acta

465 1199 823 1249 Romanorum
848 1194 1175 1246 Pontificum
1201 1193 1544 1244 Decessorum
1581 1192 1911 1256 Nostrorum,
1937 1195 2131 1262 quibus
2167 1196 2226 1246 in
2260 1211 2377 1263 per-

465 1299 589 1334 sona
626 1280 998 1348 Apostolorum
1035 1279 1298 1346 Principis
1334 1278 1403 1328 ab
1437 1279 1553 1345 ipso
1592 1276 1800 1330 Christo
1836 1278 2068 1331 Domino
2116 1279 2376 1331 divinitus

463 1372 568 1422 fuit
611 1369 891 1421 commissa
928 1384 1171 1435 suprema
1208 1383 1331 1417 cura
1368 1370 1531 1432 atque
1566 1369 1800 1432 potestas
1837 1367 2087 1433 pascendi
2123 1383 2285 1436 agnos
2319 1371 2377 1417 et

456 1473 599 1520 oves,
636 1453 983 1506 confirmandi
1021 1453 1222 1514 fratreS,
1261 1457 1319 1502 et
1354 1452 1656 1501 universam
1693 1451 1913 1520 regendi
1950 1456 2007 1503 et
2043 1452 2374 1522 gubernandi

466 1541 775 1592 Ecclesiam.

606 1626 890 1676 Enimvero
915 1622 1339 1674 Praedecessores
1376 1622 1555 1673 Nostri
1604 1623 1940 1674 vehementer
1989 1623 2204 1692 gloriati
2249 1629 2374 1676 sunt

454 1711 748 1779 apostolica
774 1725 867 1760 sua
891 1707 1209 1758 auctoritate
1234 1707 1433 1758 festum
1453 1705 1828 1774 Conceptionis
1848 1708 1907 1758 in
1926 1707 2166 1759 Romana
2191 1709 2374 1760 Eccle-

461 1798 538 1847 sia
563 1797 860 1857 instituere,
884 1811 946 1844 ac
970 1793 1180 1860 proprio
1205 1791 1395 1856 offici0,
1419 1794 1733 1861 propriaque
1757 1793 1940 1856 Missa,
1959 1794 2150 1860 quibus
2169 1811 2375 1862 praero-

460 1882 642 1951 gativa
715 1879 1080 1930 immunitatis
1153 1878 1222 1929 ab
1306 1878 1657 1929 haereditaria
1741 1878 1858 1930 labe
1942 1880 2373 1932 manifestissime

458 1968 798 2030 asserebatur,
861 1982 1067 2034 augere,
1132 1965 1425 2028 honestare,
1485 1968 1542 2015 et
1603 1963 1811 2015 cultum
1863 1964 1982 2032 jam
2056 1966 2372 2016 institutum

458 2054 606 2104 omni
631 2070 729 2120 ope
765 2068 1086 2119 promovere,
1124 2049 1449 2118 amplificare
1485 2050 1594 2101 sive
1619 2050 1845 2118 erogatis
1869 2049 2237 2119 indulgentiis,
2261 2051 2373 2102 sive

459 2138 713 2188 facultate
751 2137 954 2187 tributa
991 2135 1319 2198 civitatibuS,
1344 2135 1648 2203 provinciis,
1672 2135 1966 2203 regnisque,
1990 2139 2055 2185 ut·
2091 2135 2372 2203 Deiparam

461 2223 558 2273 sub
593 2221 755 2272 titulo
782 2221 1169 2272 Immaculatae
1196 2219 1568 2288 Conceptionis
1606 2224 1885 2288 patronam
1924 2220 2026 2270 sibi
2062 2220 2371 2290 deligerent,

459 2313 568 2363 sive
605 2311 958 2378 comprobatis
1008 2310 1397 2374 sodalitatibuS‚
1447 2309 1962 2379 congregationibuS,
2012 2310 2371 2379 religiosisque

457 2400 675 2451 familiis
712 2400 780 2450 ad
816 2398 1205 2449 Immaculatae
1244 2397 1616 2466 Conceptionis
1652 2397 1902 2448 honorem
1939 2397 2224 2461 institutiS,
2261 2399 2371 2450 sive

457 2485 704 2535 laudibus
751 2501 933 2534 eorum
981 2483 1176 2552 pietati
1225 2483 1434 2546 delatis,
1483 2482 1578 2550 qui
1639 2482 1974 2546 monasteria,
2029 2483 2370 2547 xenodochia,

451 2571 664 2634 altaria,
713 2569 918 2637 templa
967 2570 1066 2620 sub
1114 2568 1461 2619 Immaculati
1512 2566 1811 2635 Conceptus
1871 2568 2036 2620 titulo
2095 2570 2370 2633 erexerint,

453 2660 553 2706 aut
614 2654 928 2705 sacramenti
987 2653 1243 2722 religione
1290 2653 1604 2719 interposita
1652 2651 2065 2704 Immaculatam
2114 2653 2370 2721 Deiparae

461 2740 875 2807 Conceptionem
949 2742 1160 2789 strenue
1231 2753 1561 2807 propugnare
1635 2738 2027 2805 spoponderint.
2150 2739 2371 2807 Insuper

458 2841 785 2891 summopere
852 2823 1042 2874 laetati
1112 2826 1236 2874 sunt
1297 2823 1572 2873 decernere
1633 2819 2005 2889 Conceptionis
2054 2823 2252 2874 festum
2300 2825 2369 2876 ab

450 2911 602 2960 omni
638 2909 876 2960 Ecclesia
911 2926 1019 2960 esse
1067 2908 1371 2960 habendum
1420 2907 1606 2958 eodem
1654 2923 1815 2958 censu
1862 2924 1924 2958 ac
1972 2925 2209 2972 numero,
2259 2927 2365 2979 quo

457 2995 654 3045 festum
690 2993 742 3044 N
744 2994 1029 3057 ativitatis,
1065 2993 1313 3060 idemque
1351 2991 1723 3059 Conceptionis
1761 2992 1959 3043 festum
2009 3011 2132 3044 cum
2180 2998 2367 3046 octava

454 3079 524 3130 ab
571 3080 814 3130 universa
862 3078 1099 3129 Ecclesia
1146 3078 1534 3140 celebrandum,
1584 3081 1640 3128 et
1688 3077 1756 3127 ab
1804 3078 2051 3129 omnibus
2099 3079 2240 3130 inter
2285 3096 2366 3142 ea,

457 3181 591 3231 quae
627 3167 907 3231 praecepta
943 3166 1086 3226 sunt,
1123 3166 1304 3214 sancte
1339 3161 1637 3225 colendum,
1662 3179 1724 3212 ac
1747 3161 2080 3229 pontificiam
2106 3164 2364 3231 capellam

456 3250 516 3299 in
540 3247 886 3299 Patriarchali
922 3246 1116 3299 Nostra
1151 3246 1432 3298 Liberiana
1468 3246 1695 3298 Basilica
1732 3247 1821 3298 die
1857 3247 2094 3316 Virginis
2132 3246 2365 3317 Concep-

456 3335 592 3384 tioni
630 3350 772 3384 sacro
808 3333 1093 3399 quotannis
1130 3349 1238 3383 esse
1274 3332 1642 3400 peragendam.
1717 3332 1894 3400 Atque
1944 3336 2254 3400 exoptantes
2301 3334 2361 3385 in

453 3418 696 3468 fidelium
737 3418 930 3468 animis
978 3417 1219 3486 quotidie
1266 3418 1438 3486 magis
1487 3417 1660 3468 fovere
1707 3416 1843 3468 hanc
1892 3418 1958 3468 de
2006 3417 2361 3470 Immaculata

457 3503 714 3570 Deiparae
753 3502 1107 3570 Conceptione
1142 3503 1454 3566 doctrinam,
1490 3519 1773 3570 eorumque
1821 3503 2083 3570 pietatem
2132 3504 2360 3555 excitare

457 3589 527 3638 ad
562 3588 734 3655 ipsam
770 3587 1047 3657 Virginem
1085 3588 1198 3639 sine
1245 3588 1365 3639 labe
1413 3587 1659 3656 originali
1708 3592 2018 3656 conceptam
2066 3587 2358 3652 colendam,

452 3676 513 3722 et
574 3672 941 3735 venerandam,
1003 3673 1172 3741 gavisi
1234 3676 1358 3723 sunt
1418 3689 1579 3739 quam
1634 3672 1984 3724 libentissime
2044 3671 2357 3724 facultatem

455 3757 707 3819 tribuere,
743 3760 807 3806 ut
842 3757 902 3807 in
938 3756 1251 3808 Lauretanis
1288 3756 1536 3820 Litaniis,
1573 3760 1628 3808 et
1663 3757 1722 3808 in
1757 3757 1872 3824 ipsa
1910 3755 2107 3808 Missae
2154 3757 2355 3824 praefa-
