2534 4374
264 480 392 541 v1ii.
897 497 1243 540 consraevms
1290 495 1515 538 RERUM.

1981 651 2149 678 PAomA

1951 751 1970 770 .
2046 717 2167 770 100,
2211 723 2271 775 fif.)

1953 844 1971 859 .
2048 810 2150 858 100
2307 780 2310 782 ’

426 722 522 771 VI.
561 721 638 771 De
663 720 942 771 Judicibus
984 754 1000 771 .

399 813 524 863 VII.
562 812 642 863 De
665 829 770 863 non
794 811 1107 863 discedendo

361 904 519 954 VIII.
558 903 636 954 De
661 903 823 954 Bonis
849 902 1212 956 ecclesiasticis
1303 938 1319 952 .
1949 935 1967 952 .
2046 901 2151 948 100

425 997 523 1046 IX.
562 996 641 1046 De
667 996 910 1045 Versione
936 995 1303 1045 canonicarum
1330 991 1739 1060 Scripturarum.
1956 1027 1974 1043 .
2050 993 2151 1041 105

451 1087 519 1136 X.
558 1087 635 1136 De
659 1086 912 1136 Absentia
937 1085 1264 1135 sacerdotum
1306 1120 1323 1136 .
1953 1118 1970 1135 .
2048 1085 2149 1134 105

254 1218 555 1268 ELENOHUS
579 1216 959 1267 DECRETORUM
1955 1249 1970 1263 .
2049 1213 2152 1264 106

257 1344 710 1394 Simscmrfioms
745 1340 1000 1391 PATRUM.
1953 1374 1972 1390 .
2048 1338 2151 1389 106

255 1515 627 1567 APPENDIX
643 1532 656 1564 ε

478 1634 524 1684 Ι.
563 1633 792 1684 SS.D.N.
836 1634 923 1683 Pii
962 1632 1070 1683 ΡΡ.
1110 1631 1210 1682 ΙΧ.
1249 1631 1486 1681 Litterae
1527 1629 1863 1697 Apostolicae
1904 1629 1972 1680 de

643 1719 943 1786 dogmatica
1015 1717 1323 1768 definitione
1414 1715 1636 1766 Immac.
1719 1712 1970 1782 Concept.

642 1803 876 1869 Virginis
899 1803 1154 1870 Deiparae
1473 1838 1487 1851 .
1633 1838 1649 1851 .
1794 1838 1809 1850 .

449 1899 525 1949 ΙΙ.
563 1898 796 1948 Litterae
820 1898 1149 1965 Apostolicae
1175 1897 1240 1947 de
1267 1896 1518 1948 Centuria
1542 1894 1807 1963 Leyland.

418 1992 523 2042 III.
562 1991 897 2051 Quaestiones
938 2007 1032 2056 pro
1073 1989 1326 2039 relatione
1370 1987 1735 2055 episcoporum
1759 1987 1829 2037 ad
1852 1984 1970 2038 S.C.

645 2077 709 2126 de
735 2075 1079 2143 Propaganda
1104 2075 1251 2134 Fide¹
1308 2110 1322 2126 .

429 2169 523 2218 IV.
562 2168 838 2218 Indultum
911 2169 1134 2218 duorum
1223 2167 1486 2218 mensium
1558 2166 1618 2216 in
1690 2164 1973 2216 collatione

644 2253 1052 2303 canonicatuum

460 2344 528 2397 V.
564 2345 841 2396 Indultum
912 2362 1016 2412 quo
1087 2345 1298 2395 valeant
1370 2344 1603 2412 episcopi
1674 2343 1974 2411 dispensare

644 2430 916 2479 canonicos
952 2428 1019 2478 ab
1055 2428 1375 2498 obligatione
1411 2427 1649 2478 mensilis
1684 2431 1974 2479 conventus

644 2513 950 2581 capitularis
987 2550 1002 2564 .

428 2607 522 2659 VI.
559 2607 794 2658 Litterae
883 2607 1217 2675 Apostolicae
1289 2551 1357 2659 de
1428 2609 1584 2659 sacris
1654 2606 1974 2658 utensilibus

648 2692 1008 2760 episcoporum
1082 2731 1096 2743 .
1241 2730 1256 2744 .
1403 2730 1417 2743 .
1565 2730 1578 2742 .
1725 2729 1740 2742 .

400 2785 526 2836 VII.
564 2785 849 2835 Instructio
889 2785 942 2836 S.
982 2784 1155 2836 Officii
1197 2786 1262 2836 de
1302 2785 1647 2836 Matrimonio
1686 2785 1780 2836 ubi
1823 2784 1974 2835 adest

646 2872 1002 2937 praesumptio
1038 2871 1292 2937 baptismi
1335 2870 1568 2921 invalide
1609 2871 1751 2937 parti
1793 2869 1971 2920 haere-

648 2955 784 3005 ticae
809 2955 989 3006 collati
1311 2993 1325 3007 .
1633 2992 1647 3006 .

364 3043 521 3094 VIII.
560 3043 845 3093 Instructio
871 3043 923 3094 S.
951 3043 1125 3095 Officii
1150 3061 1302 3111 super
1344 2993 1604 3112 qualitate
1641 3043 1968 3111 probationis

647 3129 983 3195 requirendae
1055 3134 1338 3196 antequam
1403 3129 1626 3197 nuptiae
1715 3129 1974 3180 secundae

647 3213 890 3263 ineantur
923 3231 937 3262 ·.

429 3305 528 3356 IX.
565 3305 846 3355 Decretum
870 3305 936 3355 de
962 3304 1422 3374 Indulgentiarum
1445 3305 1795 3357 translatione

286 3394 524 3447 x-XIV.
562 3395 830 3462 Rescripta
853 3396 922 3446 ad
946 3395 1269 3447 Breviarium
1293 3402 1349 3448 et
1372 3396 1588 3447 Missale
1612 3397 1907 3464 spectantia
1957 3434 1972 3448 .

410 3487 528 3538 XV.
567 3487 896 3554 Rescriptum
921 3487 986 3538 de
1010 3488 1099 3554 pio
1124 3488 1370 3538 exercitio
1394 3488 1527 3538 Viae
1553 3488 1732 3540 Crucis
1797 3526 1812 3539 .

380 3574 532 3626 XVI.
571 3573 840 3626 Concessio
888 3574 1045 3625 officii
1099 3575 1152 3626 S.
1201 3575 1432 3626 Thomae
1486 3575 1822 3628 cantuarien.
1877 3577 1976 3628 sub

654 3659 764 3709 ritu
787 3659 933 3726 dupl.
970 3659 1017 3709 Ι.
1043 3659 1108 3710 cl.
1153 3696 1168 3712 .

1955 1835 1973 1852 .
2048 1802 2150 1850 108

1955 1931 1970 1945 .
2049 1896 2153 1944 123

1954 2107 1971 2123 .
2049 2071 2155 2122 124

1956 2287 1970 2300 .
2049 2248 2150 2300 127

1957 2550 1972 2564 .
2050 2514 2151 2562 128

1958 2729 1972 2742 .
2050 2693 2153 2741 129

1957 2991 1971 3004 .
2049 2956 2151 3004 133

1958 3249 1972 3265 .
2050 3214 2154 3262 134

1957 3342 1973 3356 .
2051 3306 2152 3356 136

2049 3398 2150 3446 138

1959 3527 1972 3540 .
2050 3489 2152 3538 146

1957 3696 1972 3710 .
2050 3659 2150 3711 147
