2534 4374
898 482 1144 527 APPEND.
1178 482 1295 525 xiv.
1305 510 1319 541 ‚
1349 482 1441 525 XV.
2024 466 2102 526 67

1091 708 1240 760 XIV.

404 865 507 920 DE
556 862 1063 917 ABSOLUTIONE
1110 862 1204 914 AB
1255 863 1919 931 IRREGULARITATE,

496 1002 571 1041 AB
593 1001 799 1041 ALIENO
823 999 1080 1042 EPISCOPO
1103 999 1425 1041 ORDINAN'm
1448 1001 1840 1044 mmTIRNDA.

216 1127 534 1182 Beatissime
559 1126 738 1189 Pater,

361 1211 498 1265 Cum
536 1212 596 1262 in
634 1208 859 1261 formula
897 1207 1126 1260 secunda
1158 1225 1295 1278 quae
1328 1208 1604 1277 Episcopis
1636 1210 1861 1280 Angliae
1900 1210 2112 1262 concedi

215 1298 368 1362 solet,
393 1299 662 1348 statuatur
684 1293 895 1345 nullum
920 1294 1247 1361 Episcopum
1271 1310 1420 1361 posse
1444 1294 1786 1346 facultatibus
1805 1296 1862 1346 in
1887 1311 1948 1346 ea
1977 1296 2116 1346 datis

215 1384 302 1435 uti
335 1385 484 1434 extra
530 1380 662 1431 fines
705 1395 829 1430 suae
871 1378 1179 1442 dioeceseos,
1212 1395 1438 1446 cumque
1480 1395 1849 1447 saepenumero
1891 1380 2115 1440 accidat,

217 1468 358 1538 quod
380 1483 519 1518 unus
543 1464 837 1534 Episcopus
870 1463 1225 1515 ordinationes
1257 1463 1448 1515 habere
1473 1463 1664 1514 debeat
1693 1480 1786 1531 pro
1825 1463 2114 1515 Seminario

218 1552 458 1623 pluribus
476 1549 798 1602 dioecesibus
818 1546 1551 1616 communi‚Archiepiscopus
1567 1551 1623 1598 et
1633 1548 1881 1615 Episcopi
1892 1546 2112 1599 Concilii

218 1636 556 1708 provincialis
579 1634 803 1704 Angliae
832 1638 1046 1701 petunt,
1070 1637 1136 1683 ut
1160 1632 1451 1701 Episcopus
1476 1632 1719 1683 ordinans
1745 1632 1828 1683 vel
1857 1633 1914 1683 in
1949 1632 2117 1684 Semi-

219 1723 385 1786 nari0‚
408 1721 494 1773 vel
516 1724 681 1783 extra,
703 1719 869 1788 possit
902 1718 969 1769 de
992 1733 1246 1769 consensu
1280 1715 1544 1768 Ordinarii
1570 1716 1822 1784 cujusque
1853 1734 1916 1768 ex
1941 1718 2118 1768 candi-

221 1809 378 1871 datis,
401 1808 542 1875 ipsos
566 1804 829 1857 absolvere
853 1803 922 1854 ab
945 1802 1333 1872 irregularitate
1356 1818 1462 1869 qua
1487 1802 1619 1853 forte
1644 1802 1898 1870 ligantur,
1917 1808 2118 1854 servato

220 1892 560 1961 caeteroquin
584 1896 765 1943 tenore
790 1890 834 1958 ej
842 1890 1027 1940 usdem
1053 1887 1306 1939 formulae
1332 1888 1605 1962 secundae.

365 1978 448 2029 Ex
471 1977 744 2029 audientia
769 1975 1102 2027 Sanctissimi
1127 1974 1311 2024 habita
1335 1973 1423 2024 die
1454 1976 1516 2023 13
1542 1973 1747 2037 Martii,
1779 1976 1931 2026 1853.

367 2062 741 2115 Sanctissimus
764 2060 1026 2112 Dominus
1049 2058 1240 2110 Noster
1264 2059 1410 2121 Pius,
1434 2058 1616 2109 divina
1648 2060 1981 2127 providentia
2011 2060 2118 2111 ΡΡ.

224 2149 325 2212 ΙΧ,
349 2148 605 2200 referente
642 2164 729 2198 me
764 2145 1101 2213 infrascripto
1133 2143 1186 2196 S.
1214 2142 1648 2213 Congrcgationis
1685 2144 1748 2194 de
1775 2144 2120 2214 Propaganda

224 2233 359 2285 Fide
397 2233 689 2296 secretari0‚
723 2232 884 2300 juxta
923 2230 1037 2282 EE.
1080 2230 1189 2282 ΡΡ.
1236 2230 1556 2280 sententiam
1593 2229 1821 2298 benigne
1868 2230 2118 2297 petitioni

223 2317 434 2379 annuit,
458 2316 731 2367 contrariis
755 2314 1175 2382 quibuscumque
1199 2312 1342 2364 haud
1365 2311 1711 2362 obstantibus.

366 2400 475 2453 Dat
498 2398 698 2451 Rornae
722 2416 785 2450 ex
804 2398 934 2451 Aed.
954 2398 1056 2450 dic.
1078 2397 1131 2450 S.
1154 2395 1585 2466 Congregationis
1599 2395 1686 2446 die
1706 2398 1770 2446 14
1785 2396 1940 2459 Maii,
1964 2399 2116 2447 1853.

1332 2502 1416 2553 Al.
1442 2501 1720 2565 BARNABb‚
1757 2518 1793 2553 a
1817 2501 2046 2555 secretis.

510 2574 575 2627 L.
600 2573 653 2626 ›1‹
675 2573 734 2629 S.

1114 2857 1234 2908 XV.

442 3012 542 3067 DE
591 3007 1217 3065 ORDINATIONIBUS
1265 3006 1509 3060 EXTRA
1557 3007 1919 3061 TELffORA.

754 3155 879 3196 nnc.
905 3155 948 3195 s,
976 3143 1137 3195 cono.
1163 3153 1238 3191 DE
1272 3153 1424 3192 paor.
1452 3153 1597 3192 rma.

374 3301 841 3355 Eminentissimus
878 3314 939 3350 ac
963 3296 1443 3348 Reverendissimus
1466 3295 1531 3346 D.
1559 3294 1848 3348 cardinalis
1873 3297 1922 3347 N
1925 3298 2121 3349 icolaus

235 3391 501 3442 Wiseman
538 3385 971 3454 Archiepiscopus
1002 3380 1585 3442 westmonasteriensis,
1609 3396 1670 3430 ac
1710 3379 1822 3431 RR.
1863 3381 1971 3432 ΡΡ.
2005 3382 2118 3433 DD.

234 3474 485 3545 Episcopi
522 3471 765 3540 Angliae,
803 3468 1168 3538 significarunt
1210 3465 1371 3516 dubia
1418 3464 1701 3532 aliquando
1740 3466 1946 3528 exoriri,
1984 3468 2118 3518 eirca

234 3559 547 3613 facultatem
594 3553 1057 3607 extraordinariam
1100 3566 1234 3618 quae
1271 3550 1329 3601 in
1377 3548 1599 3599 formula
1646 3548 1835 3600 iisdem
1883 3567 2122 3603 concessa

235 3660 452 3696 numero
486 3642 658 3710 primo
688 3640 1008 3700 continetur,
1031 3652 1125 3704 pro
1160 3633 1577 3686 ordinationibus
1613 3637 1759 3684 extra
1795 3639 2032 3702 tempora
2065 3637 2119 3686 in

230 3729 352 3798 jure
388 3726 638 3778 canonico
678 3722 955 3792 praefinita
995 3719 1308 3780 exercendis,
1344 3733 1466 3768 cum
1509 3717 1567 3767 in
1609 3717 1802 3786 Anglia
1844 3721 2121 3771 seminaria
