2534 4374
426 408 566 469 *390
1214 425 1455 468 Annmo
1498 429 1557 469 v.

577 573 628 622 5.
679 569 745 620 In
773 568 826 620 1⁶
849 569 1008 637 luogo
1035 570 1063 619 ὲ·
1089 568 1264 618 chiaro
1290 568 1385 619 che
1420 569 1530 619 mal
1567 570 1613 621 si
1654 571 1972 639 apporrebbe
2012 573 2099 624 chi
2142 573 2336 626 dicesse

433 657 630 724 potersi
661 656 842 707 binare
881 654 1018 705 nelle
1065 654 1197 704 feste
1234 670 1515 721 soppresse,
1540 655 1596 705 in
1634 658 1722 707 cui
1757 657 1799 708 il
1834 657 2026 725 popolo
2061 649 2127 708 xia
2163 662 2339 709 esente

435 741 558 792 dall'
597 741 809 809 obbligo
853 740 909 790 di
948 738 1201 790 ascoltare
1243 739 1296 789 la
1338 739 1530 802 Messa,
1567 758 1713 792 come
1755 745 2069 794 avvertivasi
2112 742 2254 794 dalla
2282 742 2337 794 S.

438 826 857 895 Congregazione
910 824 999 875 nel
1063 822 1237 876 1837:
1300 828 1334 855 ‘⁶
1354 824 1434 876 Re
1482 830 1690 877 mature
1738 845 2010 896 perpensa,
2058 846 2123 880 ex
2170 829 2340 896 ipsius

436 916 470 942 ‘⁶
486 911 740 962 formulae
779 910 949 961 verbis
999 910 1127 961 satis
1175 910 1312 962 clare
1360 912 1543 978 patuit
1589 928 1697 963 non
1745 929 1894 980 posse
1942 913 2224 964 facultates
2272 913 2342 964 ad

434 1002 469 1027 ⁶⁶
485 998 759 1064 abrogatas
795 996 1113 1047 festivitates
1151 997 1383 1049 extendi.
1459 996 1595 1049 Cum
1631 999 1776 1050 enim
1819 1000 1878 1050 in
1914 1003 2204 1051 memorata
2239 998 2343 1050 for-

435 1086 469 1113 ⁶⁶
486 1082 632 1133 mula
656 1081 950 1132 declaretur
973 1081 1287 1133 facultatem
1311 1081 1483 1133 valere
1507 1083 1553 1133 si
1577 1085 1859 1135 necessitas
1883 1087 2086 1152 urgeat,
2106 1085 2343 1152 sequitur

436 1171 470 1198 ⁶⁶
485 1185 549 1218 ex
572 1185 633 1218 eo
658 1168 814 1218 unice
839 1167 1021 1230 titulo,
1045 1167 1187 1234 quod
1216 1167 1329 1218 dies
1363 1167 1446 1218 illi
1484 1169 1609 1220 festi
1644 1170 1774 1220 olim
1809 1171 2024 1240 fuerint,
2050 1186 2156 1221 non
2192 1185 2342 1237 posse

436 1256 470 1283 ‘⁶
486 1252 708 1303 Missam
732 1253 814 1303 bis
839 1253 906 1304 ab
929 1253 1116 1304 eodem
1143 1252 1424 1304 Sacerdote
1448 1253 1744 1306 celebrari.”

581 1338 630 1389 6.
679 1339 738 1387 20
774 1337 1070 1389 Parimenti
1095 1339 1125 1389 e
1149 1338 1351 1389 vietato
1375 1338 1419 1388 il
1442 1338 1624 1391 binare
1660 1357 1756 1409 per
1797 1341 2018 1392 comodo
2059 1339 2118 1392 di
2156 1340 2341 1408 quelli,

433 1421 531 1474 che
568 1440 827 1475 amassero
869 1424 926 1474 di
970 1423 1218 1474 sodisfare
1254 1423 1308 1474 al
1349 1427 1587 1492 precetto
1612 1425 1752 1476 della
1775 1425 1950 1477 Messa
1973 1425 2110 1476 nelle
2134 1426 2342 1493 private

434 1507 544 1559 loro
565 1506 830 1576 CappeUe.
891 1509 1036 1560 Avea
1058 1512 1454 1577 rappresentato
1477 1510 1566 1560 nel
1588 1512 1725 1561 1842
1747 1511 1789 1560 il
1803 1511 2016 1562 Vicario
2035 1510 2341 1579 Apostolico

430 1594 492 1645 di
539 1593 832 1662 Limburgo
879 1594 933 1645 la
981 1595 1366 1646 consuetudine
1415 1595 1618 1646 invalsa
1657 1595 1772 1646 cola
1821 1595 1878 1646 di
1926 1600 2247 1663 permettere
2287 1595 2342 1646 la

432 1678 712 1729 binazione
753 1679 898 1749 negli
943 1677 1170 1730 Oratorii
1213 1679 1414 1747 privati
1455 1678 1525 1731 ‘L‘n
1566 1678 1764 1732 castri-s
1806 1685 2229 1745 magnatomm,
2274 1681 2346 1733 ne
2437 1671 2442 1679 ’

435 1764 691 1815 credendo
734 1765 793 1815 in
835 1764 934 1815 tali
977 1765 1238 1815 occasioni
1280 1766 1539 1815 avverarsi
1581 1765 1635 1816 la
1676 1767 1934 1816 necessita
1975 1765 2161 1817 voluta
2203 1765 2345 1817 dalle

436 1848 698 1912 Formole,
713 1850 883 1901 chiese
902 1855 1056 1901 tanto
1081 1850 1139 1900 in
1163 1851 1303 1900 vista
1327 1849 1436 1900 dell
1460 1850 1844 1902 consuetudine
1869 1850 1966 1900 che
1991 1850 2132 1901 della
2156 1850 2344 1901 utilite

436 1937 633 1988 morale
669 1937 766 1987 che
797 1953 864 1987 ne
889 1937 1151 1998 derivava,
1178 1935 1394 1987 d’essere
1418 1937 1740 1987 autorizzato
1764 1953 1796 1986 a
1819 1936 2176 2003 permetterlo.
2248 1935 2346 1987 Ma

437 2021 480 2071 il
522 2021 576 2073 S.
623 2020 808 2073 Offizio
848 2021 1066 2089 giudico
1094 2020 1266 2088 juxta
1300 2019 1552 2090 aposita
1575 2037 1696 2073 ‘non
1721 2019 1993 2090 empedire.
2069 2022 2116 2072 E
2140 2022 2345 2073 avendo

436 2106 689 2173 replicato
713 2107 754 2156 il
770 2107 977 2157 Vicario
996 2106 1317 2174 Apostolico,
1334 2106 1429 2156 che
1453 2106 1631 2157 alcuni
1659 2105 1931 2158 Sacerdoti
1956 2124 2049 2174 per
2071 2107 2125 2157 la
2148 2107 2346 2158 facolta

437 2196 664 2243 avutane
683 2192 1091 2243 anteriormente
1111 2191 1200 2241 dal
1218 2208 1312 2241 suo
1326 2191 1684 2258 predecessore
1697 2191 2080 2259 proseguivano
2095 2207 2127 2240 a
2145 2190 2344 2253 binare,

439 2277 492 2328 la
533 2277 790 2344 Suprema
838 2278 1045 2328 decreto
1094 2281 1128 2307 ⁶⁶
1147 2276 1462 2327 facultatem
1510 2292 1620 2326 esse
1668 2275 2034 2338 revocandam,
2083 2281 2345 2343 quatenus

439 2368 473 2394 ‘⁶
491 2364 732 2415 Vicarius
774 2362 1108 2431 Apostolicus
1157 2361 1500 2430 Limburgen.
1551 2360 1843 2428 prudentur
1891 2361 1951 2411 id
2011 2361 2127 2411 fieri
2186 2377 2338 2428 posse

439 2453 472 2481 ⁶⁶
493 2448 812 2500 existimet.'’

584 2533 635 2586 7.
685 2537 740 2585 30
776 2535 859 2585 Da
882 2538 1067 2602 queste
1091 2537 1252 2584 stesse
1275 2531 1577 2583 risoluzioni
1615 2531 1660 2582 si
1698 2531 1897 2582 deduce
1921 2530 2019 2582 che
2043 2530 2096 2581 la
2121 2547 2340 2581 consue-

438 2622 628 2674 tudine
667 2637 776 2672 non
814 2621 844 2672 e
881 2637 957 2670 un
994 2619 1152 2670 titolo
1194 2618 1488 2669 sufficiente
1520 2616 1712 2684 perche
1736 2633 1844 2667 uno
1870 2620 2034 2667 stesso
2059 2615 2340 2668 Sacerdote

440 2723 591 2775 possa
607 2706 780 2757 offrire
794 2706 852 2755 in
879 2721 950 2755 un
974 2706 1157 2773 giorno
1181 2704 1284 2754 due
1308 2702 1450 2753 volte
1475 2702 1517 2752 il
1537 2700 1591 2752 S.
1610 2701 1901 2770 Sagrificio.
1977 2701 2023 2751 E
2050 2700 2133 2751 cio
2159 2701 2189 2752 6
2213 2716 2338 2752 0011-

439 2794 607 2844 forme
646 2809 680 2842 a
716 2795 917 2858 quanto
955 2791 1174 2858 insegna
1215 2788 1412 2839 Bened.
1453 2787 1604 2838 XIV.
1648 2787 1788 2837 nella
1825 2789 1955 2839 cost.
2027 2783 2340 2837 Declarasti

439 2876 601 2931 ‘nobis
624 2878 823 2928 diretta
839 2875 891 2926 ai
914 2875 980 2926 16
1001 2874 1178 2925 Marzo
1202 2874 1338 2924 1746
1358 2872 1411 2922 al
1427 2872 1657 2922 Vescovo
1681 2871 1738 2921 di
1759 2870 1968 2921 Huesca
1992 2870 2051 2920 in
2069 2869 2336 2937 Aragona:

441 2969 477 2995 ‘⁶
497 2964 682 3015 Solum
695 2958 1061 3029 inquirimus,’'
1103 2961 1211 3009 cosi
1253 2958 1296 3008 il
1338 2957 1626 3020 Pontefice,
1669 2960 1703 2986 ‘⁶
1722 2962 1904 3006 utrum
1931 2971 1994 3006 ea
2019 2955 2343 3005 consuetudo

439 3054 477 3082 ⁶⁶
495 3050 755 3101 rationem
794 3044 1219 3116 praescriptionis
1259 3047 1354 3094 aut
1396 3041 1841 3111 praesumptionis
1867 3040 1967 3091 sibi
1995 3041 2341 3106 comparavit,

445 3141 478 3167 ⁶⁶
496 3140 551 3187 et
574 3140 863 3200 utrumque
886 3131 1080 3181 falsum
1102 3133 1159 3180 et
1181 3128 1416 3179 alienum
1432 3146 1455 3196 J
1464 3126 1787 3178 udicamus.’'
1843 3126 1926 3176 Ed
1955 3125 2215 3192 inquanto
2237 3124 2346 3175 alla

438 3221 779 3292 prescrizione
819 3217 938 3268 dice
958 3234 970 3265 :
1010 3217 1044 3245 ‘⁶
1063 3213 1124 3265 Si
1161 3214 1362 3264 etenim
1396 3213 1556 3280 juxta
1598 3211 1781 3262 civiles
1824 3211 1966 3278 leges
2006 3214 2220 3260 sanctae
2257 3227 2336 3260 res

444 3314 477 3340 ⁶⁶
493 3306 774 3377 praescribi
796 3320 904 3355 non
926 3303 1160 3369 possunt,
1175 3299 1431 3349 absonum
1454 3296 1688 3363 undique
1713 3300 1795 3346 est
1818 3312 2038 3346 asserere
2062 3294 2224 3345 fuisse
2246 3311 2340 3362 per

442 3396 477 3422 ‘⁶
493 3387 957 3458 praescriptionem
980 3381 1184 3449 aliquid
1209 3381 1487 3430 obtentum
1512 3378 1595 3428 vel
1631 3377 1966 3444 req-iisitum,
1991 3377 2134 3443 quod
2159 3376 2340 3426 adver-

443 3482 476 3507 ‘⁶
496 3479 636 3528 setur
653 3469 1008 3526 sanctionibus
1022 3464 1402 3517 universalibus
1418 3463 1700 3526 Ecclesiae,
1711 3479 1936 3530 quarum
1951 3459 2336 3511 observantiam

438 3567 476 3594 ‘⁶
496 3561 550 3613 S.
571 3558 866 3612 Concilium
880 3554 1023 3605 Trid.
1037 3554 1096 3602 in
1114 3551 1397 3601 Missarum
1415 3548 1764 3598 celebratione
1784 3546 2150 3596 Sacerdotibus
2165 3545 2338 3595 omni-

440 3654 480 3680 ⁶⁶
495 3649 592 3699 bus
614 3638 921 3713 praecipit.’'
975 3637 1125 3689 Sulla
1147 3635 1487 3704 presunzione
1505 3633 1599 3700 poi
1614 3631 1939 3698 soggiunge:
1966 3634 2000 3660 ⁶⁶
2021 3629 2127 3681 Sed
2145 3629 2331 3680 ceteris
