2534 4374
416 457 539 517 100
953 477 1115 520 cone.
1161 477 1328 520 PRov,
1372 478 1595 522 WEer.
1640 480 1704 521 11.

1091 622 1493 676 DECRETUM
1547 624 1612 675 V.

999 747 1079 801 De
1116 747 1442 817 officialibus
1480 747 1714 817 Synodi.

1073 941 1475 995 DECRETUM
1542 944 1639 995 VI.

550 1063 629 1116 De
654 1062 949 1132 judicibus
984 1065 1052 1119 in
1089 1067 1275 1121 causis
1305 1067 1699 1140 personalibus
1736 1068 2153 1126 constituendis.

410 1189 727 1256 (Constituti
764 1176 888 1243 sunt
924 1192 989 1244 R.
1024 1192 1087 1244 P.
1122 1193 1188 1245 D.
1227 1193 1520 1264 Episcopus
1556 1196 1943 1251 Beverlacensis
1975 1203 2031 1250 et
2054 1199 2119 1252 R.
2146 1199 2208 1271 P,
2232 1199 2309 1251 D.

906 1277 1199 1347 Episcopus
1225 1280 1799 1353 Birminghamiensis.)

1064 1468 1464 1523 DECRETUM
1525 1472 1652 1524 VII.

1034 1593 1116 1648 De
1163 1613 1283 1649 ‘non
1327 1594 1673 1651 discedendo.

1049 1802 1452 1856 DECRETUM
1511 1805 1668 1856 VIII.

1002 1935 1081 1989 De
1118 1935 1278 1989 bonis
1320 1935 1663 1990 ecclesiastici
1664 1955 1708 1992 s.

556 2071 601 2122 I.
652 2070 798 2123 Bona
838 2087 971 2138 quae
1014 2087 1046 2121 a
1087 2070 1330 2143 fidelibus
1369 2071 1427 2122 in
1467 2071 1762 2141 Religionis
1791 2074 2223 2143 propagationem
2249 2078 2305 2124 et

411 2158 664 2219 decorem,
690 2156 814 2207 cleri
839 2156 1293 2219 sustentationem,
1312 2172 1604 2223 pauperum
1630 2156 2045 2210 sublevationem
2070 2159 2315 2226 aliosque·

411 2235 526 2310 pios
585 2259 709 2293 usus
769 2245 1063 2310 erogantur,
1123 2240 1234 2292 Deo
1292 2245 1349 2292 et
1410 2241 1675 2293 Ecclesiae
1735 2243 1930 2294 donata
1991 2247 2302 2305 censentur3

413 2344 695 2394 eorumque
719 2326 1167 2378 administratores
1191 2343 1281 2378 seu
1298 2331 1576 2389 curatoreS‚
1592 2329 1702 2378 sive
1717 2328 1815 2379 viri
1836 2328 2175 2380 ecclesiastici
2195 2330 2303 2379 sive

413 2414 536 2463 laici
563 2413 775 2474 fuerint,
799 2411 935 2462 nihil
959 2411 1187 2478 amplius
1219 2427 1382 2478 quam
1420 2428 1600 2462 eorum
1637 2412 2033 2480 dispensatores,
2069 2413 2179 2464 Deo
2202 2414 2309 2481 ipsi

414 2499 669 2549 reddituri
705 2497 983 2558 rationem,
1022 2499 1147 2546 sunt
1182 2494 1426 2546 habendi.
1500 2494 1635 2547 Cum
1677 2497 1845 2566 igitur
1885 2498 1973 2549 hie
2005 2498 2124 2567 jam
2167 2499 2311 2550 inter

414 2584 791 2650 dispensatores
824 2585 1104 2649 quaeratur
1138 2586 1202 2632 ut
1233 2581 1406 2632 fidelis
1441 2582 1559 2649 quis
1595 2582 1914 2646 inveniatur,
1949 2583 2014 2634 de
2050 2583 2137 2646 iis,
2171 2600 2309 2650 quae

414 2674 612 2720 rectam
653 2669 907 2719 bonorum
939 2667 1407 2719 ecclesiasticorum
1443 2667 1957 2719 administrationem
1999 2670 2315 2736 respiciunt,

414 2756 471 2805 in
507 2754 606 2805 hac
643 2753 851 2821 Synodo
874 2753 1082 2820 plenius
1116 2752 1267 2803 nobis
1301 2753 1566 2821 agendum
1591 2754 1815 2818 videtur,
1839 2756 1965 2823 quia
1999 2755 2310 2822 praesertim>

415 2842 473 2890 in
497 2841 666 2907 primo
698 2838 1007 2906 provinciali
1034 2836 1286 2900 Concilio,
1310 2838 1462 2888 rebus
1497 2837 1710 2905 majoris
1745 2840 2005 2890 momenti
2041 2841 2314 2907 occupati,

414 2925 718 2994 hujusmodi
742 2925 1017 2975 materiam
1041 2923 1108 2973 ad
1145 2927 1356 2990 tempus
1380 2924 1725 2990 opportunius
1749 2926 2118 2977 remiserimus·

558 3010 635 3060 II.
685 3009 862 3078 Igitur
897 3007 1291 3059 allaborandum
1327 3011 1393 3058 ut
1427 3010 1573 3059 omni
1609 3009 1767 3059 modo
1802 3009 2184 3062 determinetur
2235 3010 2303 3079 (si

415 3096 637 3148 dubium
686 3094 925 3163 exsistat)
972 3094 1202 3144 intentio
1250 3096 1306 3144 et
1353 3093 1562 3144 animus
1610 3093 1878 3145 donatoris
1913 3099 2003 3146 vet
2037 3098 2313 3147 testatoris>

415 3182 639 3249 alicujus
692 3180 862 3240 fundi,
910 3183 967 3230 et
1019 3183 1084 3229 ut
1137 3179 1259 3230 usui
1312 3177 1380 3229 ab
1433 3178 1548 3245 ipso
1597 3177 1818 3229 definito
1877 3179 2044 3246 ipsius
2102 3180 2313 3231 fructus-

416 3266 806 3319 accuratissime
841 3264 1191 3332 applicentur.

559 3352 666 3402 ΙΙΙ.
717 3350 774 3402 Si
811 3368 930 3401 vero
977 3348 1280 3417 hujusmodi
1327 3347 1558 3398 intentio
1606 3363 1712 3398 non
1760 3351 1965 3399 constet
2013 3367 2078 3400 ex
2126 3351 2313 3418 aliquo-

417 3442 558 3490 certo
595 3438 925 3498 documento,
962 3434 1239 3485 servandae
1276 3436 1399 3484 sunt
1434 3432 1642 3500 regulae
1690 3434 1796 3484 sive
1844 3450 2065 3485 canones
2113 3437 2312 3503 quibus>

418 3524 481 3575 de
517 3522 616 3573 tali
652 3521 926 3572 voluntate
960 3523 1102 3570 recte
1130 3519 1360 3587 judicari
1385 3518 1567 3585 possit.

560 3607 654 3656 IV.
705 3605 1129 3672 Quotiescunque
1166 3605 1397 3671 erigatur
1432 3607 1528 3653 aut
1563 3602 1897 3670 provideatur
1944 3603 2162 3655 ecclesia
2209 3623 2311 3656 seur

419 3692 609 3754 schola,
647 3692 755 3741 sive
803 3690 949 3740 aliud
986 3689 1206 3756 quodvis
1254 3687 1555 3739 aedificium
1591 3688 1770 3739 usibus
1818 3688 2086 3755 religionis
2137 3689 2302 3739 desti—

415 3782 606 3829 natum
631 3777 739 3826 sive
763 3791 828 3826 ex
850 3776 1055 3842 integro
1080 3775 1189 3825 sive
1213 3790 1277 3824 ex
1300 3777 1448 3841 parte
1472 3773 1709 3841 pecuniis
1745 3772 1950 3823 collatis
1973 3789 2005 3822 a
2040 3773 2308 3835 fidelibus,
