<?xml version="1.0" encoding="UTF-8"?>
<!DOCTYPE html PUBLIC "-//W3C//DTD XHTML 1.0 Transitional//EN"
    "http://www.w3.org/TR/xhtml1/DTD/xhtml1-transitional.dtd">
<html xmlns="http://www.w3.org/1999/xhtml" xml:lang="en" lang="en">
 <head>
  <title>
</title>
<meta http-equiv="Content-Type" content="text/html;charset=utf-8" />
  <meta name='ocr-system' content='tesseract 3.04.00' />
  <meta name='ocr-capabilities' content='ocr_page ocr_carea ocr_par ocr_line ocrx_word'/>
</head>
<body>
  <div class='ocr_page' id='page_1' title='image "a613744800cathuoft_0234.png"; bbox 0 0 2534 4374; ppageno 0'>
   <div class='ocr_carea' id='block_1_1' title="bbox 527 432 1858 490">
    <p class='ocr_par' dir='ltr' id='par_1_1' title="bbox 527 432 1858 490">
     <span class='ocr_line' id='line_1_1' title="bbox 527 432 1858 490; baseline 0 0"><span class='ocrx_word' id='word_1_1' title='bbox 527 432 651 490; x_wconf 79' lang='lat'>216</span> <span class='ocrx_word' id='word_1_2' title='bbox 1095 448 1254 489; x_wconf 78' lang='lat' dir='ltr'>CONC.</span> <span class='ocrx_word' id='word_1_3' title='bbox 1306 448 1471 489; x_wconf 80' lang='lat' dir='ltr'>PRov.</span> <span class='ocrx_word' id='word_1_4' title='bbox 1518 448 1734 490; x_wconf 72' lang='lat' dir='ltr'>waer.</span> <span class='ocrx_word' id='word_1_5' title='bbox 1781 450 1858 490; x_wconf 80' lang='lat' dir='ltr'>1v.</span> 
     </span>
    </p>
   </div>
   <div class='ocr_carea' id='block_1_2' title="bbox 519 592 2523 670">
    <p class='ocr_par' dir='ltr' id='par_1_2' title="bbox 519 592 2523 670">
     <span class='ocr_line' id='line_1_2' title="bbox 519 592 2523 670; baseline 0.001 -20"><span class='ocrx_word' id='word_1_6' title='bbox 519 601 817 668; x_wconf 84' lang='lat' dir='ltr'>attigerunt</span> <span class='ocrx_word' id='word_1_7' title='bbox 841 605 1089 662; x_wconf 87' lang='lat' dir='ltr'>aetatem,</span> <span class='ocrx_word' id='word_1_8' title='bbox 1107 603 1162 650; x_wconf 86' lang='lat' dir='ltr'>et</span> <span class='ocrx_word' id='word_1_9' title='bbox 1186 599 1492 666; x_wconf 78' lang='lat' dir='ltr'>praesertim</span> <span class='ocrx_word' id='word_1_10' title='bbox 1517 600 1610 666; x_wconf 85' lang='lat' dir='ltr'>qui</span> <span class='ocrx_word' id='word_1_11' title='bbox 1634 599 2012 667; x_wconf 85' lang='lat' dir='ltr'>philosophicis</span> <span class='ocrx_word' id='word_1_12' title='bbox 2038 604 2094 651; x_wconf 92' lang='lat' dir='ltr'>et</span> <span class='ocrx_word' id='word_1_13' title='bbox 2113 600 2425 670; x_wconf 73' lang='lat' dir='ltr'>theologicis</span> <span class='ocrx_word' id='word_1_14' title='bbox 2518 592 2523 599; x_wconf 50' lang='lat'>⁵</span> 
     </span>
    </p>
   </div>
   <div class='ocr_carea' id='block_1_3' title="bbox 466 686 2431 2307">
    <p class='ocr_par' dir='ltr' id='par_1_3' title="bbox 466 686 2426 840">
     <span class='ocr_line' id='line_1_3' title="bbox 519 686 2426 753; baseline 0.002 -18"><span class='ocrx_word' id='word_1_15' title='bbox 519 686 815 753; x_wconf 84' lang='lat' dir='ltr'>disciplinis</span> <span class='ocrx_word' id='word_1_16' title='bbox 840 703 1051 753; x_wconf 84' lang='lat' dir='ltr'>operam</span> <span class='ocrx_word' id='word_1_17' title='bbox 1076 691 1292 747; x_wconf 87' lang='lat' dir='ltr'>navant,</span> <span class='ocrx_word' id='word_1_18' title='bbox 1317 702 1348 734; x_wconf 88' lang='lat' dir='ltr'>a</span> <span class='ocrx_word' id='word_1_19' title='bbox 1373 686 1631 736; x_wconf 92' lang='lat' dir='ltr'>consortio</span> <span class='ocrx_word' id='word_1_20' title='bbox 1655 687 1798 736; x_wconf 89' lang='lat' dir='ltr'>vitae</span> <span class='ocrx_word' id='word_1_21' title='bbox 1837 688 2133 738; x_wconf 83' lang='lat' dir='ltr'>communis</span> <span class='ocrx_word' id='word_1_22' title='bbox 2170 687 2426 739; x_wconf 86' lang='lat' dir='ltr'>laicorum</span> 
     </span>
     <span class='ocr_line' id='line_1_4' title="bbox 466 773 932 840; baseline -0.002 -19"><span class='ocrx_word' id='word_1_23' title='bbox 466 830 469 832; x_wconf 38' lang='grc'><strong>,</strong></span> <span class='ocrx_word' id='word_1_24' title='bbox 520 773 932 840; x_wconf 79' lang='lat' dir='ltr'>sejungerentur.</span> 
     </span>
    </p>

    <p class='ocr_par' dir='ltr' id='par_1_4' title="bbox 520 855 2428 1166">
     <span class='ocr_line' id='line_1_5' title="bbox 664 855 2428 927; baseline 0.003 -21"><span class='ocrx_word' id='word_1_25' title='bbox 664 857 912 924; x_wconf 84' lang='lat' dir='ltr'>Episcopi</span> <span class='ocrx_word' id='word_1_26' title='bbox 951 857 1008 906; x_wconf 91' lang='lat' dir='ltr'>in</span> <span class='ocrx_word' id='word_1_27' title='bbox 1034 856 1229 923; x_wconf 87' lang='lat' dir='ltr'>Anglia</span> <span class='ocrx_word' id='word_1_28' title='bbox 1265 856 1406 906; x_wconf 87' lang='lat' dir='ltr'>hisce</span> <span class='ocrx_word' id='word_1_29' title='bbox 1431 855 1699 906; x_wconf 84' lang='lat' dir='ltr'>Ecclesiae</span> <span class='ocrx_word' id='word_1_30' title='bbox 1723 858 1862 908; x_wconf 87' lang='lat' dir='ltr'>votis</span> <span class='ocrx_word' id='word_1_31' title='bbox 1902 861 1959 908; x_wconf 93' lang='lat' dir='ltr'>et</span> <span class='ocrx_word' id='word_1_32' title='bbox 2000 859 2428 927; x_wconf 88' lang='lat' dir='ltr'>praescriptioni-</span> 
     </span>
     <span class='ocr_line' id='line_1_6' title="bbox 520 939 2428 1009; baseline 0 -15"><span class='ocrx_word' id='word_1_33' title='bbox 520 945 615 994; x_wconf 89' lang='lat' dir='ltr'>bus</span> <span class='ocrx_word' id='word_1_34' title='bbox 655 942 884 1009; x_wconf 77' lang='lat' dir='ltr'>perfecte</span> <span class='ocrx_word' id='word_1_35' title='bbox 923 941 1328 1002; x_wconf 82' lang='lat' dir='ltr'>consentientes,</span> <span class='ocrx_word' id='word_1_36' title='bbox 1353 940 1413 989; x_wconf 92' lang='lat' dir='ltr'>in</span> <span class='ocrx_word' id='word_1_37' title='bbox 1452 941 1610 991; x_wconf 86' lang='lat' dir='ltr'>tertio</span> <span class='ocrx_word' id='word_1_38' title='bbox 1649 939 1883 992; x_wconf 87' lang='lat' dir='ltr'>Concilio</span> <span class='ocrx_word' id='word_1_39' title='bbox 1909 941 2231 993; x_wconf 90' lang='lat' dir='ltr'>Provinciali</span> <span class='ocrx_word' id='word_1_40' title='bbox 2253 944 2428 995; x_wconf 90' lang='lat' dir='ltr'>West-</span> 
     </span>
     <span class='ocr_line' id='line_1_7' title="bbox 521 1023 2427 1092; baseline 0.002 -14"><span class='ocrx_word' id='word_1_41' title='bbox 521 1027 917 1079; x_wconf 71' lang='lat' dir='ltr'>monasteriensi</span> <span class='ocrx_word' id='word_1_42' title='bbox 930 1026 946 1056; x_wconf 80' lang='lat'>¹</span> <span class='ocrx_word' id='word_1_43' title='bbox 977 1026 1303 1092; x_wconf 89' lang='lat' dir='ltr'>praeclarum</span> <span class='ocrx_word' id='word_1_44' title='bbox 1328 1025 1611 1075; x_wconf 86' lang='lat' dir='ltr'>Decretum</span> <span class='ocrx_word' id='word_1_45' title='bbox 1635 1023 1715 1076; x_wconf 80' lang='lat' dir='ltr'>De</span> <span class='ocrx_word' id='word_1_46' title='bbox 1741 1024 2082 1078; x_wconf 71' lang='lat' dir='ltr'>Semi‘nariis</span> <span class='ocrx_word' id='word_1_47' title='bbox 2110 1026 2427 1082; x_wconf 74' lang='lat' dir='ltr'>Condendis</span> 
     </span>
     <span class='ocr_line' id='line_1_8' title="bbox 521 1114 817 1166; baseline -0.014 0"><span class='ocrx_word' id='word_1_48' title='bbox 521 1114 817 1166; x_wconf 89' lang='lat' dir='ltr'>ediderunt.</span> 
     </span>
    </p>

    <p class='ocr_par' dir='ltr' id='par_1_5' title="bbox 520 1195 2429 1431">
     <span class='ocr_line' id='line_1_9' title="bbox 665 1195 2428 1265; baseline -0.001 -15"><span class='ocrx_word' id='word_1_49' title='bbox 665 1201 713 1251; x_wconf 88' lang='lat'>6.</span> <span class='ocrx_word' id='word_1_50' title='bbox 764 1197 1093 1265; x_wconf 82' lang='lat' dir='ltr'>Quapropter</span> <span class='ocrx_word' id='word_1_51' title='bbox 1140 1198 1268 1247; x_wconf 88' lang='lat' dir='ltr'>haec</span> <span class='ocrx_word' id='word_1_52' title='bbox 1318 1195 1515 1256; x_wconf 81' lang='lat' dir='ltr'>Quarta</span> <span class='ocrx_word' id='word_1_53' title='bbox 1565 1195 1822 1264; x_wconf 83' lang='lat' dir='ltr'>SynoduS,</span> <span class='ocrx_word' id='word_1_54' title='bbox 1857 1198 2159 1265; x_wconf 90' lang='lat' dir='ltr'>exemplum</span> <span class='ocrx_word' id='word_1_55' title='bbox 2209 1199 2428 1251; x_wconf 90' lang='lat' dir='ltr'>Domini</span> 
     </span>
     <span class='ocr_line' id='line_1_10' title="bbox 520 1281 2429 1353; baseline 0.001 -18"><span class='ocrx_word' id='word_1_56' title='bbox 520 1286 685 1336; x_wconf 88' lang='lat' dir='ltr'>nostri</span> <span class='ocrx_word' id='word_1_57' title='bbox 709 1301 833 1352; x_wconf 89' lang='lat' dir='ltr'>prae</span> <span class='ocrx_word' id='word_1_58' title='bbox 857 1283 1023 1334; x_wconf 90' lang='lat' dir='ltr'>oculis</span> <span class='ocrx_word' id='word_1_59' title='bbox 1047 1283 1260 1345; x_wconf 87' lang='lat' dir='ltr'>habens,</span> <span class='ocrx_word' id='word_1_60' title='bbox 1286 1299 1490 1332; x_wconf 91' lang='lat' dir='ltr'>necnon</span> <span class='ocrx_word' id='word_1_61' title='bbox 1515 1281 1783 1332; x_wconf 85' lang='lat' dir='ltr'>Ecclesiae</span> <span class='ocrx_word' id='word_1_62' title='bbox 1815 1284 2023 1350; x_wconf 88' lang='lat' dir='ltr'>praxim</span> <span class='ocrx_word' id='word_1_63' title='bbox 2046 1288 2103 1335; x_wconf 94' lang='lat' dir='ltr'>et</span> <span class='ocrx_word' id='word_1_64' title='bbox 2126 1289 2429 1353; x_wconf 84' lang='lat' dir='ltr'>temporum</span> 
     </span>
     <span class='ocr_line' id='line_1_11' title="bbox 521 1367 1627 1431; baseline -0.001 -11"><span class='ocrx_word' id='word_1_65' title='bbox 521 1371 874 1431; x_wconf 81' lang='lat' dir='ltr'>necessitateS,</span> <span class='ocrx_word' id='word_1_66' title='bbox 899 1368 1028 1419; x_wconf 90' lang='lat' dir='ltr'>haec</span> <span class='ocrx_word' id='word_1_67' title='bbox 1053 1368 1286 1419; x_wconf 87' lang='lat' dir='ltr'>decernit</span> <span class='ocrx_word' id='word_1_68' title='bbox 1310 1385 1372 1418; x_wconf 87' lang='lat' dir='ltr'>ac</span> <span class='ocrx_word' id='word_1_69' title='bbox 1398 1367 1593 1418; x_wconf 85' lang='lat' dir='ltr'>statuit</span> <span class='ocrx_word' id='word_1_70' title='bbox 1613 1387 1627 1419; x_wconf 71' lang='grc' dir='ltr'><em>ε</em></span> 
     </span>
    </p>

    <p class='ocr_par' dir='ltr' id='par_1_6' title="bbox 521 1466 2431 2307">
     <span class='ocr_line' id='line_1_12' title="bbox 633 1466 2430 1538; baseline 0.002 -19"><span class='ocrx_word' id='word_1_71' title='bbox 633 1470 699 1519; x_wconf 83' lang='lat'>1⁰.</span> <span class='ocrx_word' id='word_1_72' title='bbox 749 1467 999 1536; x_wconf 90' lang='lat' dir='ltr'>Episcopi</span> <span class='ocrx_word' id='word_1_73' title='bbox 1047 1469 1106 1518; x_wconf 90' lang='lat' dir='ltr'>in</span> <span class='ocrx_word' id='word_1_74' title='bbox 1154 1468 1261 1517; x_wconf 89' lang='lat' dir='ltr'>suis</span> <span class='ocrx_word' id='word_1_75' title='bbox 1310 1466 1652 1530; x_wconf 79' lang='lat' dir='ltr'>dioecesibUS,</span> <span class='ocrx_word' id='word_1_76' title='bbox 1690 1470 1787 1518; x_wconf 87' lang='lat' dir='ltr'>aut</span> <span class='ocrx_word' id='word_1_77' title='bbox 1827 1485 1920 1535; x_wconf 91' lang='lat' dir='ltr'>per</span> <span class='ocrx_word' id='word_1_78' title='bbox 1961 1469 2156 1537; x_wconf 89' lang='lat' dir='ltr'>seipsos</span> <span class='ocrx_word' id='word_1_79' title='bbox 2197 1474 2295 1521; x_wconf 87' lang='lat' dir='ltr'>aut</span> <span class='ocrx_word' id='word_1_80' title='bbox 2336 1487 2430 1538; x_wconf 88' lang='lat' dir='ltr'>per</span> 
     </span>
     <span class='ocr_line' id='line_1_13' title="bbox 521 1552 2429 1620; baseline -0.001 -14"><span class='ocrx_word' id='word_1_81' title='bbox 521 1556 900 1606; x_wconf 84' lang='lat' dir='ltr'>examinatores</span> <span class='ocrx_word' id='word_1_82' title='bbox 948 1554 1016 1603; x_wconf 89' lang='lat' dir='ltr'>ad</span> <span class='ocrx_word' id='word_1_83' title='bbox 1065 1554 1163 1603; x_wconf 92' lang='lat' dir='ltr'>hoc</span> <span class='ocrx_word' id='word_1_84' title='bbox 1206 1552 1523 1620; x_wconf 81' lang='lat' dir='ltr'>designatOS,</span> <span class='ocrx_word' id='word_1_85' title='bbox 1563 1570 1776 1603; x_wconf 87' lang='lat' dir='ltr'>omnem</span> <span class='ocrx_word' id='word_1_86' title='bbox 1819 1553 2109 1605; x_wconf 87' lang='lat' dir='ltr'>adhibeant</span> <span class='ocrx_word' id='word_1_87' title='bbox 2151 1572 2330 1605; x_wconf 89' lang='lat' dir='ltr'>curam</span> <span class='ocrx_word' id='word_1_88' title='bbox 2373 1562 2429 1606; x_wconf 90' lang='lat' dir='ltr'>et</span> 
     </span>
     <span class='ocr_line' id='line_1_14' title="bbox 525 1638 2428 1709; baseline 0 -18"><span class='ocrx_word' id='word_1_89' title='bbox 525 1640 861 1709; x_wconf 80' lang='lat' dir='ltr'>prudentiam</span> <span class='ocrx_word' id='word_1_90' title='bbox 910 1640 967 1689; x_wconf 92' lang='lat' dir='ltr'>in</span> <span class='ocrx_word' id='word_1_91' title='bbox 1017 1638 1314 1689; x_wconf 88' lang='lat' dir='ltr'>candidatis</span> <span class='ocrx_word' id='word_1_92' title='bbox 1363 1638 1431 1688; x_wconf 91' lang='lat' dir='ltr'>ad</span> <span class='ocrx_word' id='word_1_93' title='bbox 1480 1639 1830 1689; x_wconf 87' lang='lat' dir='ltr'>sacerdotium</span> <span class='ocrx_word' id='word_1_94' title='bbox 1880 1640 2177 1709; x_wconf 69' lang='lat' dir='ltr'>seligendis</span> <span class='ocrx_word' id='word_1_95' title='bbox 2269 1641 2428 1691; x_wconf 88' lang='lat' dir='ltr'>Porro</span> 
     </span>
     <span class='ocr_line' id='line_1_15' title="bbox 528 1722 2428 1793; baseline 0.001 -17"><span class='ocrx_word' id='word_1_96' title='bbox 528 1726 772 1793; x_wconf 86' lang='lat' dir='ltr'>Episcopi</span> <span class='ocrx_word' id='word_1_97' title='bbox 798 1725 1083 1793; x_wconf 87' lang='lat' dir='ltr'>diligenter</span> <span class='ocrx_word' id='word_1_98' title='bbox 1107 1723 1432 1785; x_wconf 88' lang='lat' dir='ltr'>adlaborent,</span> <span class='ocrx_word' id='word_1_99' title='bbox 1457 1722 1691 1790; x_wconf 89' lang='lat' dir='ltr'>aliosque</span> <span class='ocrx_word' id='word_1_100' title='bbox 1716 1725 1969 1788; x_wconf 87' lang='lat' dir='ltr'>excitent,</span> <span class='ocrx_word' id='word_1_101' title='bbox 1994 1729 2056 1775; x_wconf 93' lang='lat' dir='ltr'>ut</span> <span class='ocrx_word' id='word_1_102' title='bbox 2089 1726 2428 1793; x_wconf 78' lang='lat' dir='ltr'>provisioneS,</span> 
     </span>
     <span class='ocr_line' id='line_1_16' title="bbox 530 1808 2430 1877; baseline 0 -15"><span class='ocrx_word' id='word_1_103' title='bbox 530 1813 706 1863; x_wconf 88' lang='lat' dir='ltr'>bursae</span> <span class='ocrx_word' id='word_1_104' title='bbox 731 1813 1085 1877; x_wconf 84' lang='lat' dir='ltr'>nuncupatae,</span> <span class='ocrx_word' id='word_1_105' title='bbox 1110 1809 1177 1859; x_wconf 88' lang='lat' dir='ltr'>ad</span> <span class='ocrx_word' id='word_1_106' title='bbox 1218 1808 1688 1860; x_wconf 90' lang='lat' dir='ltr'>ecclesiasticorum</span> <span class='ocrx_word' id='word_1_107' title='bbox 1731 1810 2099 1862; x_wconf 91' lang='lat' dir='ltr'>educationem</span> <span class='ocrx_word' id='word_1_108' title='bbox 2142 1811 2430 1862; x_wconf 89' lang='lat' dir='ltr'>fundentur</span> 
     </span>
     <span class='ocr_line' id='line_1_17' title="bbox 527 1894 2428 1964; baseline -0.001 -15"><span class='ocrx_word' id='word_1_109' title='bbox 527 1904 577 1950; x_wconf 78' lang='lat' dir='ltr'>et</span> <span class='ocrx_word' id='word_1_110' title='bbox 619 1897 1060 1964; x_wconf 86' lang='lat' dir='ltr'>multiplicentur.</span> <span class='ocrx_word' id='word_1_111' title='bbox 1137 1894 1269 1945; x_wconf 87' lang='lat' dir='ltr'>Suas</span> <span class='ocrx_word' id='word_1_112' title='bbox 1310 1895 1474 1944; x_wconf 89' lang='lat' dir='ltr'>etiam</span> <span class='ocrx_word' id='word_1_113' title='bbox 1517 1899 1691 1961; x_wconf 86' lang='lat' dir='ltr'>partes</span> <span class='ocrx_word' id='word_1_114' title='bbox 1733 1895 2064 1963; x_wconf 86' lang='lat' dir='ltr'>adimpleant</span> <span class='ocrx_word' id='word_1_115' title='bbox 2107 1898 2428 1957; x_wconf 91' lang='lat' dir='ltr'>sacerdotes;</span> 
     </span>
     <span class='ocr_line' id='line_1_18' title="bbox 528 1980 2431 2051; baseline -0.001 -17"><span class='ocrx_word' id='word_1_116' title='bbox 528 1985 763 2051; x_wconf 89' lang='lat' dir='ltr'>ideoque,</span> <span class='ocrx_word' id='word_1_117' title='bbox 787 1984 846 2032; x_wconf 89' lang='lat' dir='ltr'>in</span> <span class='ocrx_word' id='word_1_118' title='bbox 871 1998 964 2032; x_wconf 89' lang='lat' dir='ltr'>sua</span> <span class='ocrx_word' id='word_1_119' title='bbox 989 1982 1209 2049; x_wconf 91' lang='lat' dir='ltr'>quisque</span> <span class='ocrx_word' id='word_1_120' title='bbox 1234 1980 1501 2043; x_wconf 84' lang='lat' dir='ltr'>missione,</span> <span class='ocrx_word' id='word_1_121' title='bbox 1526 1981 1692 2031; x_wconf 77' lang='lat' dir='ltr'>bonae</span> <span class='ocrx_word' id='word_1_122' title='bbox 1716 1981 1909 2032; x_wconf 91' lang='lat' dir='ltr'>indolis</span> <span class='ocrx_word' id='word_1_123' title='bbox 1933 1999 2120 2049; x_wconf 91' lang='lat' dir='ltr'>pueros</span> <span class='ocrx_word' id='word_1_124' title='bbox 2145 1983 2431 2050; x_wconf 81' lang='lat' dir='ltr'>diligenter</span> 
     </span>
     <span class='ocr_line' id='line_1_19' title="bbox 530 2064 2431 2136; baseline -0.001 -17"><span class='ocrx_word' id='word_1_125' title='bbox 530 2069 827 2136; x_wconf 86' lang='lat' dir='ltr'>exquirant,</span> <span class='ocrx_word' id='word_1_126' title='bbox 853 2083 1042 2134; x_wconf 89' lang='lat' dir='ltr'>eosque</span> <span class='ocrx_word' id='word_1_127' title='bbox 1067 2065 1259 2115; x_wconf 88' lang='lat' dir='ltr'>litteris</span> <span class='ocrx_word' id='word_1_128' title='bbox 1284 2064 1517 2115; x_wconf 84' lang='lat' dir='ltr'>imbutos</span> <span class='ocrx_word' id='word_1_129' title='bbox 1542 2065 1780 2115; x_wconf 89' lang='lat' dir='ltr'>doctrina</span> <span class='ocrx_word' id='word_1_130' title='bbox 1804 2069 1859 2116; x_wconf 91' lang='lat' dir='ltr'>et</span> <span class='ocrx_word' id='word_1_131' title='bbox 1894 2066 2126 2117; x_wconf 88' lang='lat' dir='ltr'>moribus</span> <span class='ocrx_word' id='word_1_132' title='bbox 2164 2067 2244 2118; x_wconf 84' lang='lat' dir='ltr'>ita</span> <span class='ocrx_word' id='word_1_133' title='bbox 2276 2067 2431 2118; x_wconf 89' lang='lat' dir='ltr'>insti-</span> 
     </span>
     <span class='ocr_line' id='line_1_20' title="bbox 527 2148 2430 2220; baseline -0.001 -16"><span class='ocrx_word' id='word_1_134' title='bbox 527 2157 699 2215; x_wconf 85' lang='lat' dir='ltr'>tuant,</span> <span class='ocrx_word' id='word_1_135' title='bbox 724 2169 827 2220; x_wconf 91' lang='lat' dir='ltr'>quo</span> <span class='ocrx_word' id='word_1_136' title='bbox 852 2151 1023 2220; x_wconf 91' lang='lat' dir='ltr'>magis</span> <span class='ocrx_word' id='word_1_137' title='bbox 1048 2149 1224 2201; x_wconf 91' lang='lat' dir='ltr'>idonei</span> <span class='ocrx_word' id='word_1_138' title='bbox 1250 2148 1385 2199; x_wconf 90' lang='lat' dir='ltr'>fiant</span> <span class='ocrx_word' id='word_1_139' title='bbox 1417 2149 1511 2217; x_wconf 84' lang='lat' dir='ltr'>qui</span> <span class='ocrx_word' id='word_1_140' title='bbox 1548 2149 1616 2200; x_wconf 92' lang='lat' dir='ltr'>ab</span> <span class='ocrx_word' id='word_1_141' title='bbox 1640 2150 2086 2202; x_wconf 86' lang='lat' dir='ltr'>examinatoribus</span> <span class='ocrx_word' id='word_1_142' title='bbox 2111 2151 2430 2202; x_wconf 88' lang='lat' dir='ltr'>dioecesanis</span> 
     </span>
     <span class='ocr_line' id='line_1_21' title="bbox 529 2234 2430 2307; baseline -0.001 -18"><span class='ocrx_word' id='word_1_143' title='bbox 529 2238 802 2307; x_wconf 80' lang='lat' dir='ltr'>approbati</span> <span class='ocrx_word' id='word_1_144' title='bbox 825 2237 894 2287; x_wconf 91' lang='lat' dir='ltr'>ad</span> <span class='ocrx_word' id='word_1_145' title='bbox 931 2236 1109 2287; x_wconf 89' lang='lat' dir='ltr'>studia</span> <span class='ocrx_word' id='word_1_146' title='bbox 1149 2235 1503 2286; x_wconf 87' lang='lat' dir='ltr'>ecclesiastica</span> <span class='ocrx_word' id='word_1_147' title='bbox 1541 2235 1917 2286; x_wconf 81' lang='lat' dir='ltr'>admittantur.</span> <span class='ocrx_word' id='word_1_148' title='bbox 1993 2234 2291 2287; x_wconf 87' lang='lat' dir='ltr'>Concilium</span> <span class='ocrx_word' id='word_1_149' title='bbox 2314 2237 2430 2287; x_wconf 86' lang='lat' dir='ltr'>Tri-</span> 
     </span>
    </p>
   </div>
   <div class='ocr_carea' id='block_1_4' title="bbox 438 2319 2430 2390">
    <p class='ocr_par' dir='ltr' id='par_1_7' title="bbox 438 2319 2430 2390">
     <span class='ocr_line' id='line_1_22' title="bbox 438 2319 2430 2390; baseline -0.002 -14"><span class='ocrx_word' id='word_1_150' title='bbox 438 2335 441 2338; x_wconf 66' lang='grc'><strong>“</strong></span> <span class='ocrx_word' id='word_1_151' title='bbox 529 2322 838 2376; x_wconf 80' lang='lat' dir='ltr'>dentinum²</span> <span class='ocrx_word' id='word_1_152' title='bbox 877 2325 912 2352; x_wconf 90' lang='lat'>“</span> <span class='ocrx_word' id='word_1_153' title='bbox 932 2339 1225 2390; x_wconf 90' lang='lat' dir='ltr'>pauperum</span> <span class='ocrx_word' id='word_1_154' title='bbox 1268 2324 1450 2371; x_wconf 90' lang='lat' dir='ltr'>autem</span> <span class='ocrx_word' id='word_1_155' title='bbox 1492 2319 1629 2370; x_wconf 88' lang='lat' dir='ltr'>filios</span> <span class='ocrx_word' id='word_1_156' title='bbox 1667 2321 1950 2388; x_wconf 89' lang='lat' dir='ltr'>praecipue</span> <span class='ocrx_word' id='word_1_157' title='bbox 1987 2320 2117 2390; x_wconf 89' lang='lat' dir='ltr'>eligi</span> <span class='ocrx_word' id='word_1_158' title='bbox 2163 2321 2294 2385; x_wconf 81' lang='lat' dir='ltr'>vult,</span> <span class='ocrx_word' id='word_1_159' title='bbox 2332 2339 2430 2373; x_wconf 92' lang='lat' dir='ltr'>nec</span> 
     </span>
    </p>
   </div>
   <div class='ocr_carea' id='block_1_5' title="bbox 527 2405 2473 3498">
    <p class='ocr_par' dir='ltr' id='par_1_8' title="bbox 527 2405 2448 2733">
     <span class='ocr_line' id='line_1_23' title="bbox 528 2405 2429 2472; baseline -0.001 -12"><span class='ocrx_word' id='word_1_160' title='bbox 528 2415 707 2460; x_wconf 88' lang='lat' dir='ltr'>tamen</span> <span class='ocrx_word' id='word_1_161' title='bbox 731 2408 987 2459; x_wconf 91' lang='lat' dir='ltr'>ditiorum</span> <span class='ocrx_word' id='word_1_162' title='bbox 1013 2406 1268 2469; x_wconf 87' lang='lat' dir='ltr'>excludit,</span> <span class='ocrx_word' id='word_1_163' title='bbox 1291 2405 1449 2456; x_wconf 94' lang='lat' dir='ltr'>modo</span> <span class='ocrx_word' id='word_1_164' title='bbox 1474 2423 1568 2456; x_wconf 88' lang='lat' dir='ltr'>suo</span> <span class='ocrx_word' id='word_1_165' title='bbox 1593 2410 1812 2472; x_wconf 88' lang='lat' dir='ltr'>sumptu</span> <span class='ocrx_word' id='word_1_166' title='bbox 1844 2406 2072 2470; x_wconf 85' lang='lat' dir='ltr'>alantur,</span> <span class='ocrx_word' id='word_1_167' title='bbox 2097 2410 2152 2457; x_wconf 88' lang='lat' dir='ltr'>et</span> <span class='ocrx_word' id='word_1_168' title='bbox 2189 2407 2429 2458; x_wconf 91' lang='lat' dir='ltr'>studium</span> 
     </span>
     <span class='ocr_line' id='line_1_24' title="bbox 530 2490 2429 2564; baseline -0.002 -18"><span class='ocrx_word' id='word_1_169' title='bbox 530 2512 648 2564; x_wconf 88' lang='lat' dir='ltr'>prae</span> <span class='ocrx_word' id='word_1_170' title='bbox 673 2512 726 2544; x_wconf 91' lang='lat' dir='ltr'>se</span> <span class='ocrx_word' id='word_1_171' title='bbox 750 2494 923 2544; x_wconf 87' lang='lat' dir='ltr'>ferant</span> <span class='ocrx_word' id='word_1_172' title='bbox 947 2492 1059 2542; x_wconf 91' lang='lat' dir='ltr'>Deo</span> <span class='ocrx_word' id='word_1_173' title='bbox 1098 2495 1154 2542; x_wconf 91' lang='lat' dir='ltr'>et</span> <span class='ocrx_word' id='word_1_174' title='bbox 1193 2490 1459 2541; x_wconf 89' lang='lat' dir='ltr'>Ecclesiae</span> <span class='ocrx_word' id='word_1_175' title='bbox 1498 2490 1864 2542; x_wconf 87' lang='lat' dir='ltr'>inserviendi.&#39;’</span> <span class='ocrx_word' id='word_1_176' title='bbox 1936 2490 2243 2559; x_wconf 80' lang='lat' dir='ltr'>PaupertaS,</span> <span class='ocrx_word' id='word_1_177' title='bbox 2267 2509 2429 2560; x_wconf 81' lang='lat' dir='ltr'>quam</span> 
     </span>
     <span class='ocr_line' id='line_1_25' title="bbox 529 2575 2429 2648; baseline -0.002 -17"><span class='ocrx_word' id='word_1_178' title='bbox 529 2583 638 2648; x_wconf 87' lang='lat' dir='ltr'>ipse</span> <span class='ocrx_word' id='word_1_179' title='bbox 664 2579 700 2630; x_wconf 92' lang='lat' dir='ltr'><strong>J</strong></span> <span class='ocrx_word' id='word_1_180' title='bbox 702 2595 817 2629; x_wconf 87' lang='lat' dir='ltr'>esus</span> <span class='ocrx_word' id='word_1_181' title='bbox 843 2577 1085 2638; x_wconf 90' lang='lat' dir='ltr'>sacravit,</span> <span class='ocrx_word' id='word_1_182' title='bbox 1109 2576 1311 2626; x_wconf 91' lang='lat' dir='ltr'>nemini</span> <span class='ocrx_word' id='word_1_183' title='bbox 1336 2575 1720 2642; x_wconf 91' lang='lat' dir='ltr'>impedimento</span> <span class='ocrx_word' id='word_1_184' title='bbox 1746 2592 1855 2626; x_wconf 90' lang='lat' dir='ltr'>esse</span> <span class='ocrx_word' id='word_1_185' title='bbox 1879 2575 2051 2639; x_wconf 89' lang='lat' dir='ltr'>debet,</span> <span class='ocrx_word' id='word_1_186' title='bbox 2076 2576 2170 2643; x_wconf 84' lang='lat' dir='ltr'>qui</span> <span class='ocrx_word' id='word_1_187' title='bbox 2198 2578 2429 2628; x_wconf 88' lang='lat' dir='ltr'>moribus</span> 
     </span>
     <span class='ocr_line' id='line_1_26' title="bbox 527 2665 2448 2733; baseline -0.004 -17"><span class='ocrx_word' id='word_1_188' title='bbox 527 2671 581 2716; x_wconf 90' lang='lat' dir='ltr'>et</span> <span class='ocrx_word' id='word_1_189' title='bbox 604 2665 818 2733; x_wconf 90' lang='lat' dir='ltr'>ingenio</span> <span class='ocrx_word' id='word_1_190' title='bbox 841 2665 1091 2730; x_wconf 86' lang='lat' dir='ltr'>praestet.</span> <span class='ocrx_word' id='word_1_191' title='bbox 2442 2714 2448 2719; x_wconf 55' lang='grc'>,</span> 
     </span>
    </p>

    <p class='ocr_par' dir='ltr' id='par_1_9' title="bbox 528 2744 2430 3311">
     <span class='ocr_line' id='line_1_27' title="bbox 670 2744 2429 2815; baseline -0.001 -16"><span class='ocrx_word' id='word_1_192' title='bbox 670 2748 742 2799; x_wconf 84' lang='lat'>2⁰.</span> <span class='ocrx_word' id='word_1_193' title='bbox 792 2746 1061 2815; x_wconf 90' lang='lat' dir='ltr'>Episcopi,</span> <span class='ocrx_word' id='word_1_194' title='bbox 1087 2746 1146 2795; x_wconf 91' lang='lat' dir='ltr'>in</span> <span class='ocrx_word' id='word_1_195' title='bbox 1172 2762 1265 2795; x_wconf 91' lang='lat' dir='ltr'>sua</span> <span class='ocrx_word' id='word_1_196' title='bbox 1288 2746 1512 2812; x_wconf 90' lang='lat' dir='ltr'>quisque</span> <span class='ocrx_word' id='word_1_197' title='bbox 1549 2745 1790 2807; x_wconf 89' lang='lat' dir='ltr'>dioecesi,</span> <span class='ocrx_word' id='word_1_198' title='bbox 1813 2744 1950 2794; x_wconf 90' lang='lat' dir='ltr'>nihil</span> <span class='ocrx_word' id='word_1_199' title='bbox 1984 2745 2312 2797; x_wconf 87' lang='lat' dir='ltr'>intentatum</span> <span class='ocrx_word' id='word_1_200' title='bbox 2350 2765 2429 2798; x_wconf 90' lang='lat' dir='ltr'>re-</span> 
     </span>
     <span class='ocr_line' id='line_1_28' title="bbox 530 2830 2429 2902; baseline -0.002 -16"><span class='ocrx_word' id='word_1_201' title='bbox 530 2836 789 2902; x_wconf 83' lang='lat' dir='ltr'>linquant,</span> <span class='ocrx_word' id='word_1_202' title='bbox 813 2836 879 2883; x_wconf 88' lang='lat' dir='ltr'>ut</span> <span class='ocrx_word' id='word_1_203' title='bbox 902 2832 1136 2899; x_wconf 87' lang='lat' dir='ltr'>erigatur</span> <span class='ocrx_word' id='word_1_204' title='bbox 1162 2830 1516 2881; x_wconf 84' lang='lat' dir='ltr'>Seminarium</span> <span class='ocrx_word' id='word_1_205' title='bbox 1542 2830 1928 2893; x_wconf 89' lang='lat' dir='ltr'>dioecesanum,</span> <span class='ocrx_word' id='word_1_206' title='bbox 1951 2830 2010 2879; x_wconf 92' lang='lat' dir='ltr'>in</span> <span class='ocrx_word' id='word_1_207' title='bbox 2043 2847 2147 2898; x_wconf 89' lang='lat' dir='ltr'>quo</span> <span class='ocrx_word' id='word_1_208' title='bbox 2185 2831 2360 2882; x_wconf 90' lang='lat' dir='ltr'>clerici</span> <span class='ocrx_word' id='word_1_209' title='bbox 2397 2850 2429 2882; x_wconf 87' lang='lat' dir='ltr'>a</span> 
     </span>
     <span class='ocr_line' id='line_1_29' title="bbox 530 2914 2428 2984; baseline -0.002 -13"><span class='ocrx_word' id='word_1_210' title='bbox 530 2921 778 2971; x_wconf 89' lang='lat' dir='ltr'>laicorum</span> <span class='ocrx_word' id='word_1_211' title='bbox 817 2917 1078 2968; x_wconf 88' lang='lat' dir='ltr'>consortio</span> <span class='ocrx_word' id='word_1_212' title='bbox 1121 2916 1349 2983; x_wconf 85' lang='lat' dir='ltr'>separati</span> <span class='ocrx_word' id='word_1_213' title='bbox 1395 2914 1772 2982; x_wconf 90' lang='lat' dir='ltr'>philosophicis</span> <span class='ocrx_word' id='word_1_214' title='bbox 1815 2919 1871 2966; x_wconf 93' lang='lat' dir='ltr'>et</span> <span class='ocrx_word' id='word_1_215' title='bbox 1913 2915 2226 2984; x_wconf 88' lang='lat' dir='ltr'>theologicis</span> <span class='ocrx_word' id='word_1_216' title='bbox 2272 2917 2428 2968; x_wconf 89' lang='lat' dir='ltr'>disci-</span> 
     </span>
     <span class='ocr_line' id='line_1_30' title="bbox 530 2999 2427 3073; baseline -0.001 -19"><span class='ocrx_word' id='word_1_217' title='bbox 530 3004 686 3073; x_wconf 88' lang='lat' dir='ltr'>plinis</span> <span class='ocrx_word' id='word_1_218' title='bbox 710 3002 1037 3053; x_wconf 89' lang='lat' dir='ltr'>imbuantur.</span> <span class='ocrx_word' id='word_1_219' title='bbox 1100 2999 1207 3050; x_wconf 87' lang='lat' dir='ltr'>Ubi</span> <span class='ocrx_word' id='word_1_220' title='bbox 1233 3003 1416 3050; x_wconf 91' lang='lat' dir='ltr'>autem</span> <span class='ocrx_word' id='word_1_221' title='bbox 1440 2999 1649 3066; x_wconf 91' lang='lat' dir='ltr'>aliquae</span> <span class='ocrx_word' id='word_1_222' title='bbox 1667 3000 1925 3051; x_wconf 89' lang='lat' dir='ltr'>dioeceses</span> <span class='ocrx_word' id='word_1_223' title='bbox 1944 3003 2098 3050; x_wconf 89' lang='lat' dir='ltr'>tanta</span> <span class='ocrx_word' id='word_1_224' title='bbox 2117 3006 2427 3069; x_wconf 89' lang='lat' dir='ltr'>paupertate</span> 
     </span>
     <span class='ocr_line' id='line_1_31' title="bbox 530 3083 2430 3153; baseline -0.001 -14"><span class='ocrx_word' id='word_1_225' title='bbox 530 3090 766 3141; x_wconf 86' lang='lat' dir='ltr'>laborant</span> <span class='ocrx_word' id='word_1_226' title='bbox 802 3090 868 3137; x_wconf 92' lang='lat' dir='ltr'>ut</span> <span class='ocrx_word' id='word_1_227' title='bbox 907 3084 1145 3153; x_wconf 87' lang='lat' dir='ltr'>singulae</span> <span class='ocrx_word' id='word_1_228' title='bbox 1189 3084 1399 3153; x_wconf 88' lang='lat' dir='ltr'>singula</span> <span class='ocrx_word' id='word_1_229' title='bbox 1438 3083 1733 3135; x_wconf 87' lang='lat' dir='ltr'>Seminaria</span> <span class='ocrx_word' id='word_1_230' title='bbox 1770 3085 1963 3153; x_wconf 88' lang='lat' dir='ltr'>erigere</span> <span class='ocrx_word' id='word_1_231' title='bbox 2001 3101 2108 3136; x_wconf 93' lang='lat' dir='ltr'>non</span> <span class='ocrx_word' id='word_1_232' title='bbox 2144 3087 2364 3153; x_wconf 88' lang='lat' dir='ltr'>possint,</span> <span class='ocrx_word' id='word_1_233' title='bbox 2396 3104 2430 3138; x_wconf 88' lang='lat' dir='ltr'>a</span> 
     </span>
     <span class='ocr_line' id='line_1_32' title="bbox 528 3169 2429 3241; baseline -0.002 -15"><span class='ocrx_word' id='word_1_234' title='bbox 528 3174 836 3226; x_wconf 87' lang='lat' dir='ltr'>Tridentino</span> <span class='ocrx_word' id='word_1_235' title='bbox 860 3172 1128 3241; x_wconf 88' lang='lat' dir='ltr'>provisum</span> <span class='ocrx_word' id='word_1_236' title='bbox 1151 3174 1233 3221; x_wconf 92' lang='lat' dir='ltr'>est</span> <span class='ocrx_word' id='word_1_237' title='bbox 1267 3173 1333 3221; x_wconf 90' lang='lat' dir='ltr'>ut</span> <span class='ocrx_word' id='word_1_238' title='bbox 1369 3169 1604 3237; x_wconf 88' lang='lat' dir='ltr'>plurium</span> <span class='ocrx_word' id='word_1_239' title='bbox 1642 3171 1961 3220; x_wconf 90' lang='lat' dir='ltr'>dioecesium</span> <span class='ocrx_word' id='word_1_240' title='bbox 2001 3171 2251 3239; x_wconf 86' lang='lat' dir='ltr'>Episcopi</span> <span class='ocrx_word' id='word_1_241' title='bbox 2287 3188 2429 3223; x_wconf 91' lang='lat' dir='ltr'>com-</span> 
     </span>
     <span class='ocr_line' id='line_1_33' title="bbox 530 3254 1981 3311; baseline -0.004 0"><span class='ocrx_word' id='word_1_242' title='bbox 530 3260 679 3311; x_wconf 91' lang='lat' dir='ltr'>muni</span> <span class='ocrx_word' id='word_1_243' title='bbox 703 3258 923 3310; x_wconf 90' lang='lat' dir='ltr'>consilio</span> <span class='ocrx_word' id='word_1_244' title='bbox 949 3273 1230 3308; x_wconf 92' lang='lat' dir='ltr'>commune</span> <span class='ocrx_word' id='word_1_245' title='bbox 1255 3254 1609 3306; x_wconf 84' lang='lat' dir='ltr'>Seminarium</span> <span class='ocrx_word' id='word_1_246' title='bbox 1634 3255 1981 3305; x_wconf 80' lang='lat' dir='ltr'>constituant.</span> 
     </span>
    </p>

    <p class='ocr_par' dir='ltr' id='par_1_10' title="bbox 531 3338 2473 3498">
     <span class='ocr_line' id='line_1_34' title="bbox 671 3338 2428 3409; baseline -0.002 -14"><span class='ocrx_word' id='word_1_247' title='bbox 671 3347 722 3396; x_wconf 89' lang='lat'>7.</span> <span class='ocrx_word' id='word_1_248' title='bbox 771 3342 937 3393; x_wconf 92' lang='lat' dir='ltr'>Valde</span> <span class='ocrx_word' id='word_1_249' title='bbox 986 3341 1281 3409; x_wconf 89' lang='lat' dir='ltr'>optandum</span> <span class='ocrx_word' id='word_1_250' title='bbox 1329 3344 1410 3391; x_wconf 90' lang='lat' dir='ltr'>est</span> <span class='ocrx_word' id='word_1_251' title='bbox 1457 3343 1538 3402; x_wconf 84' lang='lat' dir='ltr'>ut,</span> <span class='ocrx_word' id='word_1_252' title='bbox 1587 3339 2033 3406; x_wconf 89' lang='lat' dir='ltr'>quemadmodum</span> <span class='ocrx_word' id='word_1_253' title='bbox 2083 3338 2318 3391; x_wconf 87' lang='lat' dir='ltr'>Christus</span> <span class='ocrx_word' id='word_1_254' title='bbox 2370 3341 2428 3391; x_wconf 90' lang='lat' dir='ltr'>in</span> 
     </span>
     <span class='ocr_line' id='line_1_35' title="bbox 531 3416 2473 3498; baseline -0.004 -15"><span class='ocrx_word' id='word_1_255' title='bbox 531 3431 704 3483; x_wconf 90' lang='lat' dir='ltr'>medio</span> <span class='ocrx_word' id='word_1_256' title='bbox 727 3429 1098 3498; x_wconf 90' lang='lat' dir='ltr'>Apostolorum</span> <span class='ocrx_word' id='word_1_257' title='bbox 1122 3427 1538 3488; x_wconf 86' lang='lat' dir='ltr'>conversabatur,</span> <span class='ocrx_word' id='word_1_258' title='bbox 1562 3426 1642 3475; x_wconf 90' lang='lat' dir='ltr'>ita</span> <span class='ocrx_word' id='word_1_259' title='bbox 1681 3428 1739 3475; x_wconf 88' lang='lat' dir='ltr'>et</span> <span class='ocrx_word' id='word_1_260' title='bbox 1777 3423 2059 3476; x_wconf 86' lang='lat' dir='ltr'>Seminarii</span> <span class='ocrx_word' id='word_1_261' title='bbox 2096 3429 2280 3489; x_wconf 88' lang='lat' dir='ltr'>rector,</span> <span class='ocrx_word' id='word_1_262' title='bbox 2304 3443 2428 3476; x_wconf 90' lang='lat' dir='ltr'>cum</span> <span class='ocrx_word' id='word_1_263' title='bbox 2466 3416 2473 3420; x_wconf 44' lang='grc'>’</span> 
     </span>
    </p>
   </div>
   <div class='ocr_carea' id='block_1_6' title="bbox 955 3576 2008 3696">
    <p class='ocr_par' dir='ltr' id='par_1_11' title="bbox 955 3576 2008 3696">
     <span class='ocr_line' id='line_1_36' title="bbox 1347 3576 1621 3617; baseline -0.004 0"><span class='ocrx_word' id='word_1_264' title='bbox 1347 3578 1364 3604; x_wconf 88' lang='lat'><strong>1</strong></span> <span class='ocrx_word' id='word_1_265' title='bbox 1380 3576 1505 3617; x_wconf 88' lang='lat' dir='ltr'>Decr.</span> <span class='ocrx_word' id='word_1_266' title='bbox 1527 3576 1621 3616; x_wconf 86' lang='lat' dir='ltr'>xiii.</span> 
     </span>
     <span class='ocr_line' id='line_1_37' title="bbox 955 3642 2008 3696; baseline -0.004 -8"><span class='ocrx_word' id='word_1_267' title='bbox 955 3648 975 3675; x_wconf 79' lang='lat'>²</span> <span class='ocrx_word' id='word_1_268' title='bbox 995 3649 1103 3688; x_wconf 70' lang='lat' dir='ltr'>eone.</span> <span class='ocrx_word' id='word_1_269' title='bbox 1127 3647 1246 3686; x_wconf 77' lang='lat' dir='ltr'>Trid.</span> <span class='ocrx_word' id='word_1_270' title='bbox 1270 3644 1377 3685; x_wconf 74' lang='lat' dir='ltr'>Sese.</span> <span class='ocrx_word' id='word_1_271' title='bbox 1394 3643 1516 3684; x_wconf 83' lang='lat' dir='ltr'>xxiii.</span> <span class='ocrx_word' id='word_1_272' title='bbox 1538 3643 1605 3684; x_wconf 88' lang='lat' dir='ltr'>De</span> <span class='ocrx_word' id='word_1_273' title='bbox 1622 3642 1808 3684; x_wconf 84' lang='lat' dir='ltr'>Reform.</span> <span class='ocrx_word' id='word_1_274' title='bbox 1829 3655 1920 3696; x_wconf 82' lang='lat' dir='ltr'>cap.</span> <span class='ocrx_word' id='word_1_275' title='bbox 1945 3645 2008 3684; x_wconf 90' lang='lat'>18.</span> 
     </span>
    </p>
   </div>
  </div>
 </body>
</html>
