2534 4374
1019 487 1296 531 neonem.
1989 478 2104 535 161

197 636 338 684 tune
404 632 738 695 imminente,
808 630 1019 702 Synodo
1084 634 1160 685 ΙΙ.
1239 635 1391 686 Prov.
1468 636 1696 706 diligens
1770 637 2113 706 investigatio

205 718 592 781 institueretur,
665 724 825 786 prout
893 719 1084 771 melius
1153 720 1420 772 constabit
1480 738 1543 772 ex
1605 726 1784 774 tenore
1844 725 2111 791 sequentis

210 802 494 871 Epistolae.

671 908 927 980 Epistola
958 909 1108 963 Emi.
1153 909 1318 964 Gard.
1360 910 1647 965 Fran-soni

273 993 350 1047 ad
380 993 609 1047 Emwm.
651 994 816 1048 Gard.
854 994 1359 1067 Archiepiscopum
1404 996 2038 1053 Weetmonaeteriemem.

623 1100 657 1126 ‘⁶
678 1096 830 1157 Emo,
872 1114 902 1148 e
932 1074 1100 1149 'Rm0.
1153 1096 1264 1167 Sig.
1309 1098 1425 1150 Mio
1469 1098 1691 1162 Ossmm,

352 1198 708 1266 Quantunque
756 1200 965 1269 ritenga
1013 1199 1108 1251 8118
1151 1199 1186 1250 l'
1235 1200 1416 1252 Emza.
1466 1201 1655 1253 Vostra
1697 1202 2020 1271 disponendo
2060 1204 2110 1256 le

206 1283 429 1335 materie
454 1284 522 1334 da
546 1285 783 1335 trattarsi
807 1284 894 1334 nel
920 1283 1118 1336 Sinodo
1144 1284 1474 1337 Provinciale
1498 1304 1601 1339 non
1641 1288 1797 1339 abbia
1821 1293 2110 1342 trasourato

207 1368 247 1419 il
294 1373 465 1437 punto
521 1371 628 1420 cosi
686 1369 1031 1421 interessante
1069 1370 1209 1421 della
1247 1370 1496 1423 Clerieale
1538 1373 1872 1437 edueazione,
1908 1390 2014 1426 non
2062 1375 2110 1425 18

207 1456 322 1506 sarz}
369 1454 570 1505 disearo
618 1454 716 1505 8118
765 1454 816 1505 18
857 1456 1190 1506 racoomandi
1241 1457 1410 1525 quest’
1459 1462 1676 1527 oggetto
1725 1460 1782 1509 in
1830 1476 1905 1510 un
1954 1461 2111 1511 modo

201 1539 451 1608 speciale,
475 1544 678 1591 mentre
703 1540 772 1591 da
796 1556 906 1591 esso
932 1546 1330 1608 segnatamente
1354 1542 1582 1611 dipende
1606 1544 1647 1594 il
1670 1561 1937 1614 progresso
1972 1546 2111 1597 della

206 1625 501 1695 Religione.
574 1625 730 1678 Nella
754 1627 1088 1690 circostanza‚
1114 1627 1210 1678 8118
1247 1628 1383 1679 tutti
1420 1629 1684 1681 iVeseovi
1722 1632 1766 1681 si
1803 1636 2111 1683 troveranno

205 1712 413 1775 riuniti,
439 1710 648 1763 sarebbe
672 1712 840 1763 molto
866 1716 1162 1780 opportuno
1187 1715 1510 1766 considerare
1535 1715 1575 1766 il
1600 1717 1812 1768 metodo
1836 1722 1989 1768 usato
2024 1720 2110 1768 nei

207 1795 411 1865 Collegi
434 1814 464 1848 e
490 1796 750 1848 Seminari
768 1814 862 1865 per
885 1798 988 1849 ben
1012 1798 1234 1850 formare
1266 1801 1286 1850 i
1324 1801 1538 1869 giovani
1575 1801 1934 1854 Ecclesiastici
1971 1803 2112 1854 nella

204 1883 353 1950 pieta
377 1898 406 1932 e
430 1882 571 1933 nella
595 1883 813 1945 seienza‚
840 1900 870 1934 e
893 1883 1242 1934 determinare
1275 1883 1451 1935 almen
1487 1884 1536 1935 le
1569 1885 1683 1936 basi
1720 1886 1805 1936 dei
1841 1885 2112 1955 migliora—

204 1968 377 2019 menti
401 1968 470 2018 da
493 1967 776 2019 introdursi
795 1985 887 2036 per
905 1973 1139 2021 obtenere
1163 1969 1258 2036 pisi
1282 1968 1425 2020 felici
1444 1969 1694 2021 risultati.
1769 1971 1889 2021 Non
1909 1988 2111 2022 oeeorre

204 2054 460 2105 ricordare
500 2052 588 2103 all’
638 2054 818 2106 Emza.
863 2054 1054 2106 Vostra
1092 2055 1142 2106 le
1183 2057 1569 2123 sapientissime
1616 2057 1946 2123 preserizioni
1995 2057 2111 2107 Tri-

198 2138 420 2189 ·dentine
445 2156 506 2189 su
529 2138 609 2189 tal
625 2141 865 2204 materia,
890 2158 920 2192 8
943 2140 994 2192 18
1017 2141 1193 2210 regole
1224 2141 1518 2193 introdobte
1542 2142 1631 2193 dai
1669 2143 1808 2193 santi
1846 2142 2045 2193 Prelati
2081 2161 2111 2194 8

205 2225 605 2275 raeeomandate
642 2225 711 2275 da
746 2242 854 2276 una
890 2225 1045 2276 felice
1062 2226 1392 2293 esperienza3
1430 2229 1732 2295 apparterrz}
1767 2227 1819 2278 al
1863 2229 2111 2279 discerni-

205 2313 389 2360 mento
415 2309 480 2360 ed
506 2310 812 2362 illuminato
837 2311 947 2362 zelo
973 2311 1094 2363 dell’
1121 2312 1303 2364 Emza.
1329 2314 1519 2365 Vostra
1544 2331 1573 2364 e
1606 2315 1692 2365 dei
1730 2315 1844 2365 suoi
1870 2312 2109 2384 Colleghi

205 2394 249 2445 il
292 2394 400 2445 fare
439 2395 613 2463 quelle
652 2395 777 2446 utili
820 2398 1173 2464 preserizioni‚
1216 2397 1313 2450 ohe
1356 2404 1517 2450 avuto
1556 2400 1803 2467 riguardo
1841 2400 1945 2450 'allo
1971 2405 2110 2450 stato

206 2479 350 2549 degli
375 2480 734 2531 Ecclesiastici
759 2482 1110 2534 stabilimenti
1147 2485 1205 2534 in
1231 2484 1566 2553 Inghilterra‚
1604 2485 1669 2535 ed
1703 2485 1805 2536 alle
1842 2485 1976 2536 altre
2012 2487 2111 2536 cir-

196 2569 460 2628 eostanze,
486 2567 530 2616 si
556 2567 865 2618 erederanno
888 2569 1183 2638 eseguibili‚
1207 2571 1272 2621 ed
1298 2575 1608 2638 opportune.

349 2651 569 2704 Intanto
594 2668 692 2703 con
715 2653 968 2719 profondo
993 2654 1231 2724 ossequio
1269 2655 1320 2707 le
1349 2656 1500 2708 bacio
1534 2655 2034 2709 umilissimamente
2059 2657 2107 2706 18

208 2736 372 2788 mani.

527 2822 600 2874 Di
622 2823 812 2875 Vostra
835 2824 1038 2892 Emza.,

351 2948 522 3002 Roma
544 2949 687 3021 dalla
709 2950 1056 3022 Propaganda
1079 2952 1120 3003 il
1146 2950 1213 3004 27
1242 2952 1459 3023 Giugno
1487 2954 1644 3006 1855.

1112 3076 1290 3141 Umo.‚
1314 3077 1517 3129 Devmo
1541 3077 1803 3130 Servitore
1826 3094 1966 3142 vero,

967 3190 1036 3244 G.
1080 3191 1143 3243 F.
1188 3191 1361 3244 CARD.
1401 3192 1705 3256 FRANsom,
1741 3191 1997 3262 Prefetw.

1244 3307 1341 3359 AL.
1387 3307 1667 3370 ΒΑΒΝΑΒὸ,
1704 3305 1854 3374 Sey?

351 3437 434 3489 Ex
474 3439 558 3490 his
589 3438 785 3491 litteris
824 3442 996 3507 patet,
1039 3438 1309 3508 Synodum
1353 3439 1735 3490 Provincialem
1773 3440 1874 3491 sibi
1910 3458 2102 3492 munus

202 3525 586 3575 demandatum
610 3524 817 3588 habere,
840 3541 901 3575 ae
926 3542 1057 3576 onus
1076 3526 1177 3576 sibi
1203 3526 1533 3592 impositum,
1559 3525 1658 3594 (Ι.)
1692 3527 1863 3592 primo
1887 3530 2100 3595 quidem

202 3613 409 3661 statum
450 3614 775 3677 praesentem
813 3610 1000 3661 horum
1050 3609 1403 3679 Collegiorum
1452 3611 1827 3679 investigandi,
1876 3618 1930 3662 et
1973 3619 2101 3663 tune

209 3693 321 3762 (II)
344 3694 491 3745 bases
514 3695 766 3762 quasdam
791 3695 1022 3763 ponendi
1058 3695 1251 3763 quibus
1286 3695 1485 3763 majora
1508 3695 1591 3746 vel
1628 3695 1844 3746 meliora
1881 3696 2103 3749 firmiter

194 3778 483 3847 superaddi
506 3778 734 3832 valeant.
