2534 4374
432 370 560 430 442
1166 389 1406 431 Ammo
1447 390 1617 431 xvm.

428 541 765 605 peccatorum
826 538 1179 599 conversione,
1239 554 1301 588 ao
1358 537 1412 589 S.
1459 538 1651 588 Matris
1697 538 1965 591 Ecclesiae
2021 539 2348 590 exaltatione

429 623 546 690 pias
583 623 652 674 ad
696 623 870 674 Deum
914 639 1090 690 preces
1130 621 1433 686 effuderint,
1469 641 1574 691 quo
1621 639 1686 674 ex
1740 623 1886 676 hisce
1933 624 2022 676 die
2069 624 2128 676 id
2174 641 2352 692 praes-

433 708 664 772 titerint,
727 707 1030 758 Plenariam
1094 707 1336 758 omnium
1394 712 1733 775 peccatorum
1787 725 2001 761 suorum
2055 709 2353 779 Indulgen-

434 795 569 845 tiam
620 799 675 845 et
724 794 1088 845 remissionem
1143 794 1552 845 misericorditer
1601 794 1660 845 in
1711 793 1942 846 Domino
1993 793 2347 846 concedimus,

434 879 710 930 Praeterea
761 879 961 930 eisdem
1006 877 1451 930 Christifidelibus
1499 879 1652 930 corde
1705 879 1896 930 saltem
1945 880 2207 943 contritiS,
2254 881 2350 947 qui

435 969 749 1016 memoratas
793 964 1087 1016 Ecclesiam
1130 969 1187 1015 et
1229 964 1534 1034 Imaginem
1573 964 1813 1032 quolibet
1861 965 1991 1016 anni
2040 965 2130 1016 die
2165 965 2354 1017 visita-

437 1051 627 1113 verint,
669 1056 726 1101 et
775 1050 853 1101 ibi
900 1051 986 1100 uti
1035 1049 1274 1118 superius
1323 1050 1534 1102 dictum
1582 1058 1664 1102 est
1724 1051 2004 1115 oraverint,
2051 1055 2350 1102 tercentum

435 1136 547 1186 dies
571 1136 636 1186 de
661 1136 921 1203 injunctis
943 1136 1020 1186 eis
1045 1152 1137 1186 seu
1161 1135 1293 1186 alias
1334 1133 1736 1203 quomodolibet
1773 1136 1970 1187 debitis
2006 1136 2354 1204 poenitentiis

437 1221 494 1270 in
521 1222 689 1272 forma
716 1221 984 1274 Ecclesiae
1009 1225 1260 1273 consueta
1284 1221 1596 1274 relaxamus.
1669 1220 1808 1284 Quas
1825 1239 2008 1274 omnes
2032 1226 2089 1272 et
2115 1221 2350 1291 singulas

438 1308 817 1378 indulgentias,
866 1314 1205 1377 peccatorum
1252 1309 1602 1372 remissioneS,
1649 1325 1711 1360 ac
1767 1307 2220 1377 poenitentiarum
2272 1325 2353 1359 re-

438 1394 729 1445 laxationes
755 1395 922 1445 etiam
946 1394 1224 1446 animabus
1250 1392 1707 1458 Christifidelium,
1733 1411 1869 1463 quae
1887 1394 2000 1446 Deo
2023 1393 2082 1445 in
2097 1395 2352 1446 charitate

439 1479 553 1548 conj
561 1484 754 1530 unctae
778 1479 847 1530 ab
870 1479 969 1530 hac
993 1478 1082 1530 lue
1106 1479 1470 1548 migraverint,
1489 1495 1581 1547 per
1593 1480 1814 1532 modum
1834 1478 2071 1548 suffragii
2095 1478 2352 1547 applicari

438 1582 587 1633 posse
612 1564 967 1634 indulgemus,
1042 1564 1109 1615 In
1152 1565 1474 1616 contrarium
1514 1565 1834 1617 facientibus
1870 1581 1977 1616 non
2019 1563 2354 1616 obstantibus

439 1651 880 1718 quibuscumque.
991 1649 1362 1701 Praesentibus
1422 1650 1695 1717 perpetuis
1769 1650 1964 1700 futuris
2024 1647 2353 1716 temporibus

444 1737 702 1789 valituris,

549 1857 748 1908 Datum
776 1857 973 1909 Romae
998 1856 1142 1924 apud
1186 1855 1240 1909 S.
1268 1857 1507 1920 Petrum,
1550 1858 1650 1911 sub
1687 1857 1901 1908 Annulo
1943 1857 2228 1909 Piscatoris
2265 1858 2354 1910 die

441 1953 625 1992 XXVII.
653 1940 690 1992 J
689 1940 896 1991 anuarii
919 1951 1284 1991 MDccoLxxx.
1311 1939 1666 1993 Pontificatus
1690 1940 1874 1992 Nostri
1897 1940 2052 1992 Anno
2076 1939 2155 1992 ΙΙ.

1196 2066 1314 2120 Pro
1348 2067 1485 2120 Dn0.
1525 2068 1731 2121 CARD.
1767 2067 2088 2120 MERTEL.

1533 2176 1597 2228 A.
1635 2175 1995 2241 Tamcmsm,
2019 2172 2203 2228 Subst.

1272 2496 1529 2558 XVIII.

414 2664 530 2724 DE
552 2663 956 2725 DIVISION
958 2663 1013 2724 Ε
1043 2662 1582 2726 DIOEOESEOS
1613 2661 1847 2724 SUTH
1858 2660 2388 2724 WARCENSIS.

506 2859 793 2907 ERECTIO
848 2859 1256 2909 DIOEOESEOS
1311 2859 1955 2909 PORTESMUTHENSIS
2011 2859 2304 2912 EJUSQUE

957 2945 1322 2993 EGOLESIAE
1358 2945 1845 2994 CATHEDRALIS.

1156 3120 1298 3172 LEO
1336 3121 1447 3172 ΡΡ.
1484 3122 1647 3172 XIII.

937 3238 1027 3289 An
1062 3237 1347 3289 FUTURAM
1380 3251 1475 3290 REI
1511 3240 1850 3293 MEMORIAM.

552 3355 777 3410 Nimian
817 3357 1082 3409 Dioecesis
1132 3356 1544 3409 Suthwarcensis
1592 3358 2003 3426 amplitudinem
2042 3359 2358 3427 cogitanteS,

446 3445 671 3495 dilectus
698 3443 871 3493 Filius
895 3441 1086 3493 Noster
1121 3442 1383 3493 Henricus
1407 3442 1694 3494 Edwardus
1713 3442 1900 3494 S.R.E.
1927 3443 2206 3511 Presbyter
2231 3443 2359 3494 Oar-

446 3529 639 3578 dinalis
676 3527 960 3596 Manning,
1004 3544 1068 3577 ex
1123 3527 1426 3594 Apostolico
1482 3527 1874 3596 dispensatione
1909 3529 2353 3594 Archieposcopus

447 3613 1038 3676 WestmonasteriensiS,
1064 3613 1328 3681 ceterique
1363 3613 1422 3663 in
1458 3612 1654 3681 Anglia
1678 3612 1955 3663 Sacrorum
1980 3612 2265 3662 Ant-istites
2290 3613 2358 3662 de
