2534 4374
383 438 508 501 272
780 463 786 466 ·
952 452 1114 497 conc.
1159 453 1323 496 PRov.
1368 453 1589 497 wnsm.
1638 454 1714 497 Iv.

522 604 730 656 XXXI.
780 603 1215 655 Ecclesiasticum
1252 603 1425 655 forum
1448 620 1543 672 pro
1567 606 1946 673 temporalibus
1971 608 2281 660 clericorum

374 691 551 741 causis
585 691 694 742 sive
728 690 976 741 civilibus
1013 690 1122 740 sive
1160 689 1523 741 criminalibus
1559 691 1776 743 omnino
1800 687 1867 743 de
1890 693 2068 745 medio
2101 693 2292 745 tollen·-

374 776 510 826 dum
532 779 629 838 est,
655 775 820 826 etiam
845 774 1147 825 inconsulta
1169 778 1226 826 et
1249 775 1570 827 reclamante
1595 777 1900 844 Apostolica
1925 777 2075 830 Sede.

636 875 774 915 AHoc.
798 875 1108 915 Ambissimum
1127 875 1177 918 27
1199 875 1471 928 Septembris,
1498 878 1615 918 1852.

636 941 773 982 Alloc.
795 943 1013 993 Nunquam
1020 942 1117 992 fore
1138 943 1186 982 15
1205 942 1465 995 Decembris,
1493 945 1610 986 1856.

522 1039 762 1090 XXXII.
800 1039 1013 1106 Absque
1036 1038 1149 1090 ulla
1171 1040 1431 1092 naturalis
1446 1041 1595 1109 jurisv
1609 1047 1665 1094 et
1689 1045 1977 1111 aequitatis
2002 1045 2291 1099 violatione

376 1128 558 1192 potest
615 1125 855 1194 abrogari
912 1124 1198 1192 personalis
1255 1126 1587 1191 immunitas,
1637 1145 1742 1196 qua
1798 1129 1976 1181 clerici
2023 1131 2092 1182 ab
2139 1148 2293 1183 onere

375 1211 682 1262 subeundae
708 1212 1128 1279 exercendaeque
1152 1211 1384 1263 militiae
1406 1213 1741 1275 eximuntur3
1766 1213 1903 1266 hanc
1927 1232 2050 1266 vero
2074 1216 2294 1286 abroga-

379 1294 584 1346 tionem
639 1295 878 1363 postulat
934 1297 1106 1348 civilis
1162 1313 1460 1366 progressus
1517 1299 1751 1351 maxime
1806 1300 1866 1351 in
1923 1301 2176 1352 societate
2223 1302 2293 1353 ad

378 1366 605 1431 formam
630 1379 888 1431 liberioris
911 1382 1187 1449 regiminis
1212 1382 1525 1433 constituta.

636 1478 775 1531 Epist.
798 1478 854 1519 ad
870 1479 1013 1532 Episc.
1034 1478 1329 1532 Montisregal.
1355 1480 1585 1532 Singularis
1602 1481 1800 1532 Nobieque
1817 1482 1869 1521 29
1889 1480 2160 1534 Septembris,
2183 1484 2301 1524 1864.

525 1580 797 1631 XXXIII.
848 1580 970 1632 Non
1008 1581 1245 1649 pertinet
1286 1580 1465 1632 unice.
1486 1581 1556 1632 ad
1595 1581 2007 1634 ecclesiasticam
2041 1583 2294 1651 jurisdic-

380 1665 544 1716 tionis
568 1669 890 1732 potestatem
929 1667 1140 1734 proprio
1170 1682 1232 1716 ac
1265 1666 1448 1717 nativo
1473 1665 1595 1734 jure
1626 1666 1851 1736 dirigere
1876 1667 2295 1736 theologicarum
2363 1743 2365 1745 ι

381 1766 556 1801 rerum
582 1750 899 1802 doctrinam.

639 1845 779 1898 Epist.
801 1845 856 1886 ad
873 1845 1073 1899 Archiep.
1096 1845 1285 1898 Frising.
1312 1847 1418 1886 Tuas
1438 1846 1603 1886 libenter
1621 1848 1671 1886 21
1692 1846 1951 1899 Decembris,
1978 1851 2096 1890 1863.

527 1947 785 1998 XXXIV.
836 1946 1090 1997 Doctrina
1138 1947 1564 2014 comparantium
1621 1946 1924 1998 Romanum
1975 1947 2296 2000 Pontificem

385 2033 625 2100 Principi
649 2033 815 2084 libero
839 2037 896 2083 et
920 2033 1104 2100 agenti
1129 2033 1188 2082 in
1212 2033 1456 2083 universa
1489 2031 1743 2097 Ecclesia,
1769 2033 2010 2085 doctrina
2045 2038 2126 2085 est
2161 2051 2299 2102 quae

386 2118 562 2169 medio
588 2135 716 2168 aevo
741 2117 1053 2186 praevaluit.

642 2213 749 2254 Litt.
771 2213 921 2267 Apost.
942 2214 1018 2254 Ad
1033 2215 1264 2264 apostolieae
1283 2215 1335 2253 22
1353 2212 1554 2266 Augusti,
1582 2214 1699 2253 1851.

529 2315 759 2367 XXXV.
809 2315 963 2366 Nihil
996 2319 1163 2378 vetat,
1194 2314 1421 2382 alicujus
1462 2312 1688 2366 Concilii
1726 2315 1988 2384 generalis
2027 2318 2295 2368 sententia

383 2405 484 2452 aut
523 2402 886 2452 universorum
925 2401 1244 2469 populorum
1287 2400 1445 2462 facte,
1489 2416 1761 2450 summum
1806 2399 2191 2451 Pontificatum
2229 2401 2297 2451 ab
2345 2427 2349 2431 -

388 2486 625 2536 Romano
665 2485 928 2554 Episcopo
970 2491 1131 2555 atque
1175 2485 1319 2537 Urbe
1361 2485 1430 2535 ad
1470 2485 1638 2536 alium
1671 2485 1998 2554 Episcopum
2030 2485 2297 2554 aliamque

387 2571 667 2622 civitatem
693 2571 978 2622 transferri.

650 2667 758 2707 Litt.
780 2667 929 2732 Apost.
951 2667 1027 2706 Ad
1042 2667 1272 2716 apostolicae
1291 2667 1344 2706 22
1361 2664 1563 2717 Augusti,
1589 2666 1706 2705 1851.

532 2768 791 2820 XXXVI.
830 2768 882 2818 N
883 2768 1129 2818 ationalis
1148 2768 1361 2819 concilii
1381 2767 1624 2818 definitio
1642 2766 1849 2818 nullam
1868 2768 2031 2820 aliam
2049 2769 2299 2821 admittit

389 2855 826 2922 disputationem,
851 2853 1129 2920 civilisque
1171 2853 1564 2903 administratio
1607 2869 1719 2903 rem
1756 2853 1824 2904 ad
1860 2854 2012 2905 hosce
2047 2855 2299 2906 terminos

391 2940 597 3007 exigere
633 2942 827 3006 potest.

649 3021 755 3061 Litt.
778 3021 928 3073 Apost.
950 3021 1025 3060 Ad
1041 3021 1269 3070 apostolicae
1289 3022 1341 3060 22
1359 3019 1560 3072 Augusti,
1588 3021 1707 3061 1851.

533 3124 822 3175 XXXVII.
874 3123 1099 3204 Institui
1131 3126 1353 3191 possunt
1385 3123 1679 3174 nationales
1729 3123 1995 3175 Ecclesiae
2017 3124 2088 3176 ab
2109 3134 2294 3176 aucto-

390 3212 551 3262 ritate
577 3209 806 3260 Romani
831 3206 1110 3258 Pontificis
1137 3207 1427 3258 subductae
1451 3207 1712 3274 planeque
1737 3207 1951 3260 divisae.

650 3305 786 3345 Alloc.
809 3306 956 3344 Multis
971 3304 1232 3355 qrcwibusque
1253 3303 1301 3347 17
1321 3302 1579 3352 Decembris,
1606 3304 1724 3342 1860.

652 3372 789 3412 Alloc.
812 3372 1052 3412 Jamdudum
1070 3371 1262 3410 cernimus
1283 3371 1332 3410 18
1351 3368 1514 3420 Martii,
1539 3371 1657 3410 1861.

537 3469 856 3520 XXXVIII.
905 3469 1168 3520 Divisioni
1217 3467 1482 3519 Ecclesiae
1530 3468 1590 3517 in
1638 3467 1949 3518 orientalem
1987 3486 2122 3537 aque
2160 3472 2300 3523 occi-

387 3554 662 3606 dentalem
686 3554 854 3604 nimia
879 3553 1237 3604 Romanorum
1262 3551 1588 3604 Pontificum
1613 3551 1830 3603 arbitria
1854 3554 2209 3607 contulerunt.

653 3650 761 3691 Litt.
782 3649 932 3703 Apost.
955 3651 1030 3690 Ad
1045 3651 1277 3700 apostolicae
1295 3651 1346 3690 22
1367 3648 1566 3702 Augusti,
1593 3650 1710 3689 1851.
