2534 4374
489 440 611 499 130
1060 455 1220 497 conc,
1267 454 1437 496 PRov.
1485 454 1704 497 wns'rM.
1750 458 1812 498 11.

479 610 536 656 et
559 604 858 656 illusorium
885 605 1036 666 foret,
1061 606 1324 670 quatenus
1359 601 1569 669 adjecta
1595 602 1829 654 clausula
1853 606 1963 658 vim
1988 607 2205 659 haberet
2228 622 2389 673 quam

480 690 636 740 verba
683 706 808 757 prae
845 706 898 740 se
947 689 1139 738 ferunt.
1215 686 1318 736 His
1367 703 1574 754 quoque
1623 689 1908 741 accedebat
1955 693 2096 760 quod
2144 691 2390 743 nonnulli

481 791 742 825 sacrorum
768 790 1031 824 canonum
1056 773 1367 838 interpretes
1392 770 1634 835 doceant,
1661 771 1963 827 Cardinales
1998 781 2188 845 utpote
2213 778 2307 844 qui
2332 775 2391 826 in

480 865 770 910 memorata
796 858 849 909 S.
870 858 959 908 Pii
977 857 1027 905 V
1045 856 1429 907 constitutione
1454 857 1732 923 speciatim
1756 861 2021 912 nominati
2045 878 2154 913 non
2179 862 2304 925 sint,
2331 877 2394 911 ea

480 944 598 1013 lege
639 944 862 993 minime
904 942 1091 1004 teneri,
1124 941 1227 991 etsi
1262 940 1358 990 alii
1401 941 1718 992 contrariam
1761 947 2084 997 sententiam
2125 949 2391 998 tueantur.

482 1028 626 1089 Quae
650 1046 774 1079 cum
797 1029 878 1078 ita
901 1030 1092 1090 essent,
1117 1042 1235 1076 ven.
1262 1026 1422 1077 frater
1446 1025 1638 1078 Noster
1662 1027 1853 1079 Petrus
1880 1028 2173 1082 cardinalis
2198 1031 2396 1094 Ostini,

481 1131 621 1164 1111110
680 1113 975 1180 Episcopus
1020 1110 1349 1174 AlbanensiS,
1393 1112 1486 1179 qui
1547 1116 1679 1163 tunc
1728 1116 1983 1182 temporis
2045 1116 2394 1184 episcopalem

483 1199 770 1249 Ecclesiam
799 1197 1050 1248 Aesinam
1075 1196 1308 1265 regebat,
1334 1196 1489 1247 enixe
1519 1198 1813 1265 postulavit
1837 1217 1870 1250 a
1895 1200 1983 1251 fel.
2010 1219 2111 1252 rec.
2139 1201 2398 1269 Gregorio

482 1284 650 1348 XVI„
670 1284 1068 1335 Praedecessore
1087 1281 1299 1345 Nostro,
1317 1286 1382 1332 ut
1399 1300 1512 1333 rem
1531 1288 1672 1335 certe
1691 1284 1954 1350 definiret,
1973 1291 2134 1355 atque
2160 1303 2396 1355 expresse

481 1371 784 1433 declararet,
810 1387 878 1420 an
906 1367 1208 1420 Cardinales
1233 1367 1503 1436 Episcopi,
1531 1387 1624 1420 seu
1648 1370 1880 1422 Abbates
1904 1371 2131 1424 ‘nullius
2160 1373 2220 1422 in
2245 1389 2396 1440 apos-

481 1456 656 1505 tolicis
675 1453 980 1505 memoratis
1000 1452 1054 1504 S.
1071 1452 1161 1503 Pii
1175 1452 1224 1501 V
1239 1452 1652 1506 Praedecessoris
1671 1456 1854 1508 Nostri
1874 1458 2400 1525 comprehendantur,

482 1558 543 1591 ac
569 1545 826 1591 statueret
850 1555 1112 1607 quaenam
1150 1554 1293 1588 sacra
1329 1544 1656 1603 ornamenta,
1682 1545 1738 1591 et
1764 1541 2135 1609 supellectileS,
2159 1546 2216 1593 et
2242 1546 2397 1593 uten-

483 1627 603 1677 silia
629 1625 682 1677 S.
702 1625 767 1676 R.
789 1625 852 1675 E.
875 1623 1237 1676 cardinalium
1261 1623 1330 1674 ad
1355 1626 1635 1676 sacrarium
1660 1627 2000 1694 pontificium
2024 1646 2088 1679 ex
2106 1631 2398 1679 memorata

483 1713 865 1764 constitutione
902 1710 1105 1762 Urbani
1135 1709 1313 1773 VIII.,
1355 1713 1412 1760 et
1446 1727 1708 1778 quaenam
1746 1713 2172 1764 Patriarcharum
2211 1713 2398 1765 Archi-

482 1799 861 1866 episcoporum,
900 1796 1280 1863 Episcoporum
1317 1798 1374 1846 et
1409 1794 1680 1847 Abbatum
1715 1796 1960 1862 nullius,
1997 1799 2108 1850 sive
2143 1800 2397 1851 cardinali

484 1884 753 1950 dignitate
789 1882 1051 1950 fulgeant,
1076 1881 1184 1931 sive
1221 1880 1317 1931 illa
1350 1886 1580 1944 careant,
1617 1883 1685 1932 ad
1711 1882 1952 1963 ecclesias
1988 1884 2311 1936 cathedrales
2334 1902 2398 1952 ex

485 1971 723 2036 superius
748 1971 917 2020 citata
938 1968 991 2020 S.
1012 1967 1100 2018 Pii
1119 1967 1169 2016 V
1185 1966 1569 2017 constitutione
1587 1983 1764 2018 revera
1783 1972 2044 2036 spectent,
2064 1973 2120 2020 et
2137 1971 2402 2037 quomodo

486 2055 724 2105 facienda
744 2056 815 2104 sit
835 2054 1026 2105 divisio
1045 2069 1309 2103 sacrorum
1329 2051 1746 2119 supellectilium
1765 2058 1822 2104 et
1840 2054 2171 2118 utensilium,
2188 2055 2404 2122 quando

488 2141 778 2208 Episcopus
834 2141 944 2190 sive
1006 2139 1311 2202 successive,
1362 2137 1473 2188 sive
1534 2138 1851 2190 simultanee
1912 2139 2090 2207 plures
2151 2141 2398 2192 ecclesias

486 2226 872 2295 gubernaverit.
947 2224 1074 2287 Nos,
1117 2224 1303 2293 igitur,
1342 2223 1437 2291 qui
1475 2223 1535 2273 in
1574 2224 1854 2274 memorati
1891 2223 2181 2276 Decessoris
2219 2226 2400 2278 Nostri

486 2312 607 2362 bon.
657 2327 818 2360 mem.
871 2309 1114 2378 Gregorii
1165 2309 1316 2360 XVI.
1366 2308 1563 2370 locum,
1612 2307 1742 2359 licet
1790 2309 2146 2374 immerenteS,
2190 2310 2400 2362 suffecti

487 2411 668 2444 sumus
693 2394 759 2443 ad
785 2391 1160 2460 praecidendas
1197 2407 1379 2442 omnes
1403 2391 1502 2440 hac
1539 2407 1694 2458 super
1718 2408 1774 2441 re
1810 2391 2165 2443 dubitationis
2189 2409 2251 2443 ac
2277 2410 2405 2444 con-

488 2477 769 2528 troversiae
818 2493 1015 2539 causas,
1065 2477 1132 2526 de
1181 2475 1400 2526 consilio
1449 2475 1562 2526 VV.
1615 2475 1725 2526 FF.
1769 2475 2083 2528 Nostrorum
2127 2476 2182 2528 S.
2225 2477 2291 2528 R.
2335 2478 2403 2530 E.

490 2561 852 2614 Cardinalium
876 2561 1109 2631 negotiis
1135 2566 1191 2611 et
1215 2560 1692 2612 consultationibus
1713 2561 2094 2629 Episcoporum
2118 2567 2175 2613 et
2197 2562 2406 2632 regula-

489 2650 629 2699 rium
671 2649 1104 2716 praepositorum‚
1144 2645 1292 2709 haec,
1328 2662 1464 2714 quae
1508 2650 1814 2714 sequuntur,
1851 2649 2170 2698 auctoritate
2210 2647 2402 2699 Nostra

494 2735 783 2802 apostolica
808 2732 1139 2784 decernimus
1164 2735 1219 2782 et
1243 2731 1574 2782 mandamus,

638 2822 686 2871 1.
737 2818 1038 2871 Cardinales
1064 2817 1352 2884 Episcopos
1400 2816 1570 2867 teneri
1607 2817 1780 2884 quoad
1817 2834 1961 2868 sacra
1998 2820 2251 2891 utensilia
2286 2820 2406 2889 lege

490 2907 602 2956 lata
643 2906 703 2955 in
741 2889 1126 2955 constitutione
1166 2901 1220 2952 S.
1256 2901 1344 2951 Pii
1375 2901 1424 2949 V
1447 2901 1757 2968 incipiente,
1795 2900 2048 2954 Romami
2089 2902 2402 2972 Pontificis,

492 2991 726 3058 exceptis
783 2994 967 3039 tamen
1017 2986 1382 3038 Cardinalibus
1432 2985 1709 3053 Episcopis
1759 2987 2153 3050 suburbicariis,
2201 3005 2403 3040 necnon

494 3074 727 3142 exceptis
755 3075 954 3142 pariter
979 3071 1345 3124 Cardinalibus
1371 3071 1666 3122 Abbatibus
1691 3070 1934 3135 nullius,
1958 3074 2053 3140 qui
2077 3074 2137 3123 in
2164 3074 2404 3125 Romana

496 3162 639 3210 curia
664 3164 952 3222 morantur,
977 3175 1202 3226 quorum
1239 3174 1381 3208 sacra
1406 3157 1674 3220 utensilia,
1701 3162 1912 3208 attenta
1938 3160 2106 3209 citata
2145 3160 2408 3210 constitu-

497 3248 672 3298 tione:
735 3246 999 3314 Aequum
1042 3247 1134 3306 est,
1180 3243 1383 3294 Urbani
1431 3242 1610 3306 VIII.,
1654 3243 2065 3294 Praedecessoris
2102 3243 2301 3307 Nostri,
2336 3245 2404 3295 ad

496 3331 835 3397 pontificium
864 3329 1146 3379 sacrarium
1172 3328 1502 3395 spectabunt.

640 3417 691 3466 2.
742 3416 936 3465 Firmis
991 3413 1387 3465 remanentibus
1441 3411 1689 3462 clausulis
1752 3413 2090 3481 derogatoriis
2147 3415 2410 3465 constitu-

498 3501 634 3551 tioni
660 3499 711 3550 S.
752 3500 840 3549 Pii
876 3499 943 3562 V,
980 3499 1130 3565 cujus
1167 3497 1422 3548 initium:
1485 3494 1737 3547 Romami
1772 3495 2069 3564 Pontificis
2101 3496 2411 3566 providem

499 3583 599 3648 tia,
633 3586 691 3635 in
730 3584 949 3634 Litteris
992 3584 1050 3633 in
1100 3584 1268 3633 forma
1310 3581 1491 3632 Brevis
1545 3582 1958 3649 incipientibus:
2014 3582 2095 3633 De
2153 3581 2409 3650 beniyni-

499 3674 607 3721 tate
655 3667 814 3721 Sedis
865 3665 1210 3737 apostolicae,
1260 3667 1458 3734 apponi
1507 3666 1695 3729 solitis,
1738 3667 1796 3716 in
1845 3666 2011 3717 altero
2062 3666 2219 3717 Brevi
2265 3667 2405 3734 quod

499 3754 727 3822 incipit:
782 3751 925 3806 Cum
962 3750 1063 3820 fel.
1105 3767 1207 3802 reo.
1327 3749 1584 3802 Urbanus
1639 3749 1789 3801 VIII
1786 3787 1817 3813 .,
1852 3751 2121 3802 auferatur
2157 3751 2410 3815 clausula,
