2534 4374
974 448 1249 491 pronam.
1932 433 2051 495 251

160 594 425 666 periculiS,
466 592 570 643 nisi
616 592 728 660 ejus
775 593 830 643 in
874 593 1176 643 memoratis
1220 592 1408 644 scholis
1452 593 1729 644 institutio
1772 595 2064 644 arctissimo

160 698 284 734 cum
323 678 567 747 religiosa
604 678 843 728 doctrina
877 677 1088 728 vinculo
1114 678 1451 728 consocietur.
1492 715 1506 728 .
1546 716 1559 730 .
1601 716 1614 730 .
1654 678 1807 729 Certe
1832 679 2064 745 quidem,

162 765 256 817 ubi
296 764 355 814 in
394 762 688 830 quibusque
728 762 856 813 locis
898 762 1296 832 regionibusque
1340 763 1840 830 perniciosissimum
1887 763 2067 830 hujus-

163 850 306 902 modi
346 848 429 899 vel
469 847 835 914 susciperetur,
876 847 957 898 vel
997 847 1064 898 ad
1104 848 1307 897 exitum
1360 848 1729 914 perduceretur
1769 847 2067 910 consilium,

163 932 460 1003 expellendi
486 948 518 982 a
543 931 732 982 scholis
767 932 1034 983 Ecclesiae
1072 932 1464 996 auctoritatem,
1503 939 1558 985 et
1586 934 1844 1001 juventus
1883 934 2068 983 misere

163 1021 507 1087 exponeretur
530 1016 724 1067 damno
749 1017 887 1067 circa
911 1015 1090 1079 fidem,
1116 1020 1246 1067 tunc
1272 1016 1509 1069 Ecclesia
1533 1034 1638 1069 non
1664 1019 1832 1069 solum
1859 1018 2068 1069 deberet

164 1102 524 1156 intentissimo
543 1101 719 1152 studio
739 1100 919 1151 omnia
937 1101 1133 1163 conari,
1151 1101 1417 1169 nullisque
1435 1103 1572 1153 curis
1591 1120 1824 1171 unquam
1845 1120 2069 1170 parcere,

166 1192 233 1240 ut
272 1187 457 1239 eadem
491 1186 749 1254 juventus
791 1186 1135 1236 necessariam
1181 1184 1532 1237 Christianam
1577 1189 1971 1238 institutionem
2015 1193 2071 1238 et

163 1272 534 1325 educationem
581 1270 793 1333 habeat,
846 1287 1026 1321 verum
1089 1271 1253 1321 etiam
1318 1276 1589 1339 cogeretur
1651 1288 1829 1323 omnes
1893 1272 2071 1323 fideles

166 1375 393 1422 monere,
430 1358 610 1425 eisque
645 1356 921 1420 declarare,
960 1355 1216 1423 ejusmodi
1243 1356 1443 1407 scholas
1475 1355 1775 1409 Catholicae
1801 1358 2068 1411 Ecclesiae

168 1446 404 1496 adversas
429 1443 572 1493 haud
597 1459 744 1510 posse
769 1443 827 1492 in
853 1441 1175 1492 conscientia
1199 1441 1593 1508 frequentari.”¹

313 1542 362 1593 6.
400 1540 743 1608 Quapropter,
777 1555 913 1607 quae
950 1540 1007 1589 in
1045 1538 1225 1590 Primo
1265 1537 1501 1589 Concilio
1526 1539 2070 1591 westmonasteriensi

160 1630 279 1699 jam
322 1629 530 1678 decreta
572 1626 732 1689 fuere,
777 1643 871 1677 nos
914 1627 1061 1676 omni
1106 1625 1273 1675 animi
1319 1624 1655 1676 solicitudine
1699 1632 1753 1677 et
1796 1628 2075 1695 ipsissimis

167 1714 390 1765 Patrum
415 1712 581 1763 verbis
605 1712 938 1774 innovamuS,
965 1716 1020 1762 et
1045 1711 1405 1762 decernimus:
1444 1714 1479 1741 “
1495 1710 1709 1762 Praeter
1733 1714 2072 1763 traditionem

169 1798 495 1862 catechismi,
531 1814 667 1866 quae
712 1797 956 1866 quotidie
1000 1798 1059 1847 in
1096 1796 1285 1847 scholis
1328 1794 1410 1859 fit,
1455 1796 1641 1864 quavis
1684 1797 1770 1848 die
1813 1797 2072 1848 Dominca

166 1885 379 1954 publice
417 1884 476 1934 in
513 1882 751 1934 Ecclesia
789 1881 1046 1933 habeatur
1085 1881 1386 1944 catechesiS,
1426 1881 1485 1932 in
1518 1898 1622 1949 qua
1654 1883 1904 1949 mysteria
1929 1882 2072 1944 fidei,

167 1975 267 2028 Dei
309 1974 680 2041 Ecclesiaeque
716 1977 1014 2041 praecepta,
1053 1977 1110 2024 et
1142 1972 1382 2024 doctrina
1417 1971 1894 2036 Sacramentorum,
1920 1974 2075 2041 plane

171 2064 228 2112 et
251 2063 430 2129 aperte
454 2058 800 2127 explicentur.
874 2057 950 2108 Et
972 2058 1187 2125 quidem
1214 2057 1426 2108 studeat
1456 2058 1706 2120 sacerdOS,
1740 2062 1804 2108 ut
1841 2059 1969 2109 dum
2009 2060 2075 2108 ad

166 2145 503 2214 parvulorum
551 2147 771 2211 captum
821 2160 873 2194 se
921 2143 1174 2206 dimittit,
1218 2143 1374 2194 verba
1417 2146 1599 2193 tamen
1643 2144 1929 2194 scientibus
1971 2160 2073 2194 non

169 2247 383 2283 onerosa
430 2230 690 2298 proferat3
751 2230 919 2280 immo
967 2228 1231 2296 gravitate
1281 2228 1498 2295 eloquii,
1547 2229 1770 2296 copiosis
1825 2233 1881 2279 et
1938 2229 2078 2296 aptis

169 2315 356 2369 Sacrae
400 2315 701 2383 Scripturae
744 2314 891 2377 locis,
935 2316 991 2365 et
1032 2312 1287 2380 exemplis
1337 2312 1668 2377 Sanctorum,
1712 2315 1965 2364 concinne
2007 2314 2071 2363 ad

168 2401 578 2452 illustrationem
618 2399 868 2451 sermonis
907 2398 1102 2462 anatis,
1139 2398 1304 2449 etiam
1349 2399 1559 2451 adultos
1582 2399 1650 2450 ad
1674 2398 1996 2449 audiendum
2022 2405 2077 2448 et

171 2487 481 2545 discendum
504 2484 807 2537 inducat.''2

278 2585 539 2646 Quoniam
588 2601 710 2636 cura
757 2584 1093 2653 parvulorum
1129 2585 1269 2636 inter
1305 2584 1586 2652 praecipua
1634 2584 1856 2652 pastoris
1906 2581 2076 2634 officia

170 2672 492 2723 numeranda
529 2675 627 2734 est,
667 2671 839 2722 sciant
876 2686 1056 2722 omnes
1095 2669 1289 2738 quibus
1328 2669 1649 2720 demandata
1673 2673 1754 2719 est
1779 2670 2074 2719 animarum

106 2793 113 2799 -
172 2774 313 2820 cura,
349 2757 653 2808 nullatenus
690 2755 923 2807 sufficere
959 2759 1023 2806 ut
1061 2772 1154 2823 per
1191 2755 1321 2806 alios
1361 2755 1643 2806 visitentur
1685 2759 1741 2805 et
1784 2754 2080 2822 dirigantur

173 2842 394 2905 scholae,
431 2846 551 2893 tum
592 2841 836 2910 publicae
880 2845 999 2891 tum
1042 2840 1298 2908 privatae,
1341 2840 1483 2890 inter
1525 2840 1725 2890 limites
1769 2839 2077 2889 missionum

174 2929 478 2991 existentes,
522 2928 611 2978 sed
654 2928 793 2995 ipsos
835 2926 1052 2987 omnino
1095 2927 1264 2977 teneri
1302 2926 1500 2977 eisdem
1540 2925 1819 2994 invigilare
1859 2924 2078 2990 illasque

175 3014 379 3081 saepius
402 3013 561 3064 adire.
635 3012 911 3074 Tradatur,
937 3011 1047 3062 sive
1071 3028 1164 3079 per
1193 3008 1387 3081 ipsum:
1405 3010 1650 3061 ecclesiae
1675 3015 1946 3072 rectorem,
1971 3010 2079 3059 sive

173 3116 267 3167 per
299 3098 641 3166 coadjutoreS,
667 3098 947 3149 instructio
972 3098 1297 3148 catechetica
1322 3098 1497 3165 pueris
1523 3100 1579 3147 et
1603 3095 1796 3163 puellis
1822 3095 1927 3162 cusj
1936 3095 2077 3145 usvis

174 3183 437 3234 missionis
479 3183 776 3235 Dominicis
819 3182 1021 3246 diebus,
1064 3187 1354 3250 praesente,
1397 3185 1660 3249 quantum
1702 3181 1815 3231 fieri
1860 3179 2075 3247 poterit,

175 3268 405 3336 populo;
466 3271 522 3319 et
567 3270 782 3336 insuper
830 3268 889 3318 in
937 3267 1127 3319 scholis
1177 3267 1338 3318 semel
1390 3267 1578 3317 saltem
1626 3267 1685 3317 in
1733 3264 2075 3316 hebdomada.

176 3352 360 3414 Quoad
384 3354 625 3421 parvulos
657 3355 799 3405 intra
834 3358 983 3422 septa
1016 3369 1299 3415 carcerum,
1324 3352 1719 3421 ergastulorum,
1748 3350 2076 3415 aliorumque

175 3438 524 3506 hospitiorum
565 3442 782 3507 sumptu
821 3438 1036 3505 publico
1068 3441 1163 3488 aut
1201 3435 1459 3487 charitate
1484 3436 1731 3498 nutritos,
1756 3434 1986 3485 habeant
2009 3435 2076 3484 ad

252 3590 270 3615 ¹
291 3592 348 3632 In
365 3592 502 3645 Epist.
527 3593 650 3640 Quam
667 3606 746 3634 mm
763 3595 860 3644 eine,
881 3593 936 3634 ad
954 3593 1151 3644 Archiep.
1174 3592 1426 3644 Friburgen.
1447 3590 1546 3631 data
1566 3592 1615 3630 14
1634 3589 1755 3637 Julii,
1773 3601 1859 3630 Aa).
1888 3590 2002 3629 1864.

837 3658 856 3682 ¹
881 3662 901 3700 1
928 3661 1036 3700 Cone.
1067 3660 1181 3700 West.
1204 3658 1328 3699 Decr.
1350 3657 1439 3698 viii.
