2534 4374
956 500 1197 543 APPEND.
1249 502 1286 544 1.
1928 486 2046 547 135

165 641 219 696 S.
245 642 497 696 Pontifex
534 645 935 699 instructionem
972 649 1126 716 ponit
1162 653 1274 700 tam
1301 649 1356 700 in
1382 651 1526 701 curia
1552 650 1614 701 E.
1639 656 1693 701 et
1720 650 1781 703 R.
1812 651 1873 702 D.
1901 652 2048 701 Card.

160 726 317 780 Urbis
342 730 543 793 vicarii,
568 747 730 798 quam
755 732 812 783 in
838 733 958 785 aliis
994 734 1153 785 curiis
1189 739 1509 786 caeterorum
1536 734 1923 787 ordinariorum
1952 754 2051 786 ser-

158 813 384 864 vandam
409 830 503 882 pro
528 817 770 868 examine
795 818 1014 869 testium
1039 819 1106 870 ad
1131 818 1483 870 contrahenda
1508 820 1842 871 matrimonia
1870 820 2052 871 induc-

157 901 350 949 torum.

299 982 481 1034 Primo
507 1001 629 1054 ergo
654 987 1024 1039 authenticum
1050 989 1216 1057 ipsius
1240 989 1417 1041 obitus
1449 990 1824 1041 documentum
1851 991 2048 1057 exquiri

155 1067 314 1119 debet
331 1068 424 1119 ubi
445 1069 625 1121 haberi
643 1072 824 1139 possit.
886 1072 1025 1124 Nam
1045 1075 1171 1126 haec
1191 1092 1336 1126 num.
1362 1077 1427 1126 10
1444 1081 1498 1127 et
1524 1078 1581 1126 ll
1608 1076 2048 1144 praescribuntur:

156 1156 191 1183 “
206 1151 265 1205 Si
291 1150 494 1223 (testis)
519 1157 845 1223 responderit
881 1159 1184 1211 contrahere
1210 1160 1443 1213 volentes
1468 1160 1707 1212 habuisse
1734 1178 1942 1211 uxorem
1973 1160 2048 1209 vc!

155 1239 430 1303 maritum,
455 1240 546 1292 sed
571 1258 681 1293 esse
704 1246 955 1307 mortuOS,
981 1244 1331 1315 interrogetur
1354 1246 1420 1298 de
1457 1247 1569 1299 loco
1594 1252 1650 1298 et
1675 1252 1925 1314 tempore,
1948 1263 2054 1313 quo

155 1328 280 1376 sunt
303 1325 519 1390 mortui,
544 1330 601 1377 et
623 1328 887 1395 quomodo
912 1329 1024 1396 ipse
1050 1331 1199 1381 testis
1225 1331 1358 1382 sciat
1382 1332 1538 1383 fuisse
1564 1331 1828 1400 conjuges,
1854 1338 1906 1381 et
1946 1348 2052 1381 esse

154 1413 404 1462 mortuos,
480 1410 554 1462 Et
591 1411 635 1462 si
669 1413 979 1480 respondeat
1015 1419 1249 1466 mortuos
1286 1416 1445 1467 fuisse
1481 1417 1537 1467 in
1572 1416 1750 1483 aliquo
1786 1415 2054 1484 hospitali,

155 1493 238 1545 vel
285 1494 481 1547 vidisse
529 1496 739 1564 sepeliri
788 1498 847 1549 in
895 1502 1035 1550 certa
1084 1499 1319 1563 ecclesia,
1367 1500 1451 1551 vel
1498 1501 1766 1551 occasione
1828 1499 2052 1550 militiae

155 1579 386 1647 sepultos
423 1580 584 1632 fuisse
608 1598 640 1631 a
664 1582 948 1646 militibus,
984 1600 1090 1635 non
1126 1584 1282 1635 detur
1318 1584 1533 1636 licentia
1569 1585 1928 1647 contrahendi,
1953 1587 2051 1636 nisi

153 1664 300 1732 prius
334 1671 547 1733 recepto
583 1668 893 1720 testimonio
929 1668 1239 1720 authentico
1274 1686 1306 1719 a
1341 1675 1537 1720 rectore
1572 1669 1818 1720 ecclesiae
1862 1671 1915 1721 in
1953 1687 2052 1737 qua

153 1749 375 1800 humata
393 1750 606 1802 fuerunt
626 1752 878 1804 cadavera
894 1770 909 1814 3
946 1753 1031 1804 vel
1050 1754 1094 1804 si
1112 1753 1226 1804 fieri
1246 1759 1438 1821 potest,
1457 1771 1489 1804 a
1514 1754 1648 1805 duce
1667 1754 1811 1805 illius
1830 1755 2055 1806 cohortis

152 1837 211 1887 in
245 1852 351 1904 qua
387 1836 679 1904 descriptus
716 1841 829 1888 erat
863 1837 1034 1889 miles·
1110 1837 1167 1890 Si
1204 1843 1385 1890 tamen
1423 1839 1724 1906 hujusmodi
1752 1840 2054 1891 testimonia

152 1921 332 1972 haberi
368 1937 476 1973 non
520 1926 757 1989 posmt,
794 1939 936 1975 sacra
982 1921 1333 1993 Congregatio
1369 1941 1475 1975 non
1511 1925 1747 1977 intendit
1784 1924 2057 1975 excludere

151 2007 282 2059 alias
308 2007 662 2075 probationes,
686 2025 823 2076 quae
846 2008 911 2060 de
936 2009 1058 2077 jure
1094 2010 1365 2061 communi
1400 2015 1620 2078 possunt
1643 2011 1879 2075 admitti,
1904 2011 2056 2062 dum-

152 2093 309 2144 modo
335 2096 461 2144 sunt
484 2092 761 2162 legitimae
785 2097 841 2145 et
865 2093 1235 2146 sufficiente8.''

293 2176 377 2229 Ex
399 2178 677 2245 postremis
702 2177 846 2230 hisce
882 2179 1053 2230 verbis
1089 2178 1309 2230 habetur
1345 2179 1526 2249 regula
1562 2180 1718 2247 hujus
1743 2179 1798 2231 S.
1827 2178 2051 2250 Congre-

150 2262 383 2332 gationis
406 2280 501 2331 pro
525 2263 731 2315 casibus
756 2264 815 2314 in
838 2263 1031 2331 quibus
1056 2262 1188 2314 talia
1214 2264 1520 2315 testimonia
1543 2265 1720 2316 obitus
1746 2266 2052 2316 authentica

150 2347 331 2400 haberi
349 2363 456 2400 non
474 2353 711 2416 possunt,
729 2365 936 2417 nempe,
956 2354 1019 2402 ut
1038 2349 1271 2418 suppleri
1292 2350 1502 2402 valeant
1521 2350 1640 2402 aliis
1661 2351 2054 2419 probationibus

150 2432 410 2503 legitimis
433 2438 491 2485 et
515 2433 914 2485 sufficientibus.

294 2517 503 2569 Harum
526 2519 810 2587 praecipua
847 2519 1082 2588 exsurgit
1106 2536 1136 2570 e
1161 2518 1321 2570 dictis
1357 2519 1578 2571 testium
1618 2517 1720 2569 fide
1756 2519 2055 2587 dignorum,

149 2604 216 2655 de
239 2603 431 2671 quibus
456 2604 531 2655 sic
556 2604 615 2654 in
652 2604 837 2655 eadem
872 2605 1222 2655 instructione
1258 2605 1605 2672 praecipitur:
1645 2609 1679 2634 ‘⁶
1699 2604 1797 2654 Pro
1825 2605 2046 2655 testibus

153 2685 212 2736 in
235 2685 334 2736 hac
349 2685 573 2737 materia
590 2686 915 2754 recipiantur
932 2686 1103 2755 magis
1123 2686 1498 2761 consanguinei
1519 2703 1679 2753 quam
1697 2688 1927 2737 extranei
1960 2688 2051 2754 qui

151 2777 558 2838 praesumuntur
581 2772 773 2823 melius
798 2772 1090 2835 informati,
1110 2777 1166 2823 et
1190 2773 1329 2823 cives
1354 2772 1523 2841 magis
1547 2788 1706 2839 quam
1733 2772 1923 2823 caeteri
1943 2790 1956 2831 ;
1988 2789 2052 2823 ne

153 2856 510 2909 admittantur
532 2856 774 2909 homines
799 2857 940 2927 vagi,
965 2861 1020 2909 et
1045 2857 1244 2909 milites
1277 2858 1381 2909 nisi
1417 2857 1543 2908 data
1567 2873 1723 2908 causa
1755 2861 1811 2907 et
1846 2863 2053 2909 maturo

155 2941 423 2992 consili0.”

299 3027 408 3079 Ubi
433 3032 616 3080 autem
649 3029 716 3080 de
753 3044 972 3096 persona
1011 3028 1378 3079 testimonium
1415 3027 1611 3078 ferente
1649 3026 1843 3095 agitur,
1868 3042 2053 3094 oppor-

152 3117 282 3164 tune
318 3114 706 3181 praescribitur,
731 3118 794 3164 ut
820 3117 853 3143 “
869 3129 977 3164 una
1007 3129 1130 3163 cum
1166 3129 1384 3180 persona
1421 3113 1589 3175 testiS,
1613 3112 1719 3163 alia
1754 3117 2050 3179 compareat

152 3198 369 3268 cognita
409 3199 633 3262 notari0,
677 3202 734 3249 et
775 3214 913 3266 quae
954 3201 1237 3248 attestetur
1279 3196 1345 3247 de
1388 3197 1602 3248 nomine
1644 3202 1700 3248 et
1741 3198 2050 3266 cognomine

152 3283 318 3350 ipsius
368 3284 539 3347 testiS,
581 3298 784 3334 necnon
832 3282 898 3334 de
946 3282 1239 3334 idoneitate
1286 3282 1521 3350 ejusdem
1569 3281 1635 3332 ad
1685 3282 2052 3333 testimonium

152 3362 471 3415 ferendum.''
544 3364 743 3415 Verum
782 3364 840 3414 in
876 3363 1060 3426 tantis,
1099 3364 1288 3431 quibus
1331 3380 1484 3431 saepe
1527 3363 1828 3431 hujusmodi
1868 3365 2051 3415 mortis

152 3446 482 3514 probationes
529 3450 844 3514 premuntur
891 3445 1310 3508 difficultatibus,
1354 3444 1408 3496 S.
1454 3444 1800 3513 Congregatio
1848 3445 2049 3495 nullam

151 3531 372 3599 respuit,
396 3548 531 3600 quae
569 3530 774 3599 aliquid
813 3530 881 3581 ad
919 3530 1080 3581 fidem
1120 3530 1416 3581 faciendam
1451 3529 1639 3591 valeat,
1665 3535 1724 3579 ut
1764 3531 2050 3597 perspicere

152 3615 337 3683 possit,
361 3633 430 3667 an
454 3615 691 3684 pluribus
725 3615 1039 3685 quandoque
1076 3614 1516 3675 concurrentibus,
1541 3631 1674 3681 quae
1699 3614 1908 3665 seorsim
1946 3631 2052 3665 cer-

152 3701 444 3753 titudinem
494 3700 841 3753 sufficientem
890 3717 1067 3767 parere
1115 3704 1402 3767 nequeunt,
1444 3699 1623 3750 omnia
1672 3704 1846 3749 tamen
1893 3700 2049 3750 simul

149 3785 335 3849 juncta
376 3786 512 3836 hanc
550 3785 797 3837 efficiant.
872 3785 1015 3835 Hinc
1058 3785 1214 3836 datur
1254 3783 1398 3835 locus
1441 3784 1951 3852 praesumptionibus
1993 3789 2046 3834 et
