2534 4374
963 494 1025 537 11.
1071 495 1315 539 APPEND.
1361 496 1399 539 1.
2038 480 2115 539 81

233 637 487 703 tionibus,
521 657 582 692 ac
619 641 912 710 privilegiis
955 642 1207 710 cujusque
1245 643 1467 711 generis,
1500 646 1557 693 et
1595 642 2060 694 consuetudinibus
2092 660 2126 693 a

232 740 545 793 quocunque
564 727 729 778 etiam
756 728 1116 779 vetustissimo
1131 733 1187 779 et
1210 727 1617 779 immemorabili
1637 734 1870 796 tempore
1896 728 2126 778 inductis

229 824 443 860 omnem
469 827 674 878 prorsus
699 811 970 879 obligandi
996 817 1090 863 aut
1106 812 1244 880 juris
1268 811 1519 863 afferendi
1546 813 1656 862 vim
1694 829 1756 862 ex
1795 812 2124 879 plenitudiue

229 895 563 963 Apostolicae
598 896 821 947 Nostrae
858 898 1190 948 auctoritatis
1220 898 1457 949 tollimus
1489 903 1545 949 et
1581 899 1908 967 abrogamus.
1983 897 2125 948 Hinc

229 980 633 1049 Archiepiscopo
682 986 739 1032 et
787 982 1064 1049 Episcopis
1122 982 1347 1051 Angliae
1395 983 1661 1052 integrum
1718 984 1820 1035 erit
1867 1000 1928 1035 ea
1976 1000 2125 1051 porro

231 1066 521 1129 decemeoe,
579 1083 715 1133 quae
771 1067 839 1117 ad
888 1067 1183 1118 communis
1231 1068 1368 1136 juris
1410 1071 1798 1121 exsecutionem
1842 1071 2126 1138 pertinent,

229 1167 430 1218 quaeve
466 1167 531 1202 ex
570 1151 805 1219 generali
842 1152 957 1219 ipsa
996 1152 1257 1204 Ecclesiae
1290 1153 1571 1221 disciplina
1598 1155 1974 1223 Episcoporum
2003 1172 2126 1205 auc-

230 1236 439 1288 toritati
462 1237 714 1304 permissa
739 1241 879 1287 sunt.
952 1236 1060 1288 Nos
1084 1243 1266 1289 autem
1290 1239 1433 1290 haud
1458 1245 1594 1290 certe
1618 1241 1926 1291 omittemus
1949 1240 2124 1291 adesse

181 1328 193 1345 ”
229 1320 340 1372 illis
381 1321 686 1389 Apostolica
724 1324 1039 1374 auctoritate
1080 1323 1290 1387 Nostra,
1327 1330 1383 1375 et
1425 1325 1706 1392 perlibenti
1740 1326 1903 1376 etiam
1946 1326 2127 1375 animo

230 1406 702 1458 obsecundabimus
732 1408 1034 1458 eorumdem
1067 1409 1512 1476 postulationibus
1548 1412 1605 1461 in
1630 1412 1715 1474 iis,
1739 1429 1871 1479 quae
1909 1411 1977 1461 ad
2014 1427 2126 1460 ma-

222 1491 394 1560 jorem
423 1491 609 1543 Divini
644 1492 875 1544 nominis
907 1493 1131 1562 gloriam
1159 1495 1559 1563 animarumque
1584 1496 1809 1546 salutem
1838 1496 2125 1547 conducere

231 1577 344 1628 visa
380 1578 594 1629 fuerint.
668 1578 950 1629 Enimvero
989 1578 1098 1629 Nos
1135 1579 1194 1629 in
1222 1580 1561 1631 restitutione
1585 1581 1875 1631 ordinariae
1913 1580 2126 1647 Episco-

230 1678 419 1730 porum
461 1663 818 1726 Hierarchiae,
865 1667 923 1714 et
969 1665 1266 1715 communis
1308 1665 1570 1716 Ecclesiae
1597 1666 1734 1733 juris
1771 1666 2125 1717 observatione

230 1748 421 1799 nostris
436 1748 580 1798 hisce
598 1747 791 1799 litteris
810 1748 1131 1799 decernenda
1149 1766 1210 1799 eo
1228 1749 1444 1816 quidem
1462 1750 1739 1817 praecipue
1758 1751 2127 1817 spectavimus,

231 1837 295 1884 ut
327 1831 619 1884 catholicae
637 1831 905 1901 religionis
919 1850 1012 1900 per
1028 1833 1254 1903 Angliae
1278 1850 1500 1902 regnum
1525 1835 1859 1901 prosperitati
1884 1839 1940 1885 et
1962 1835 2128 1886 incre·

231 1922 412 1970 mento
453 1918 897 1986 prospiceremus3
960 1919 1050 1970 sed
1093 1934 1199 1969 una
1239 1919 1399 1970 simul
1441 1919 1766 1987 propositum
1815 1918 1980 1970 Nobis
2020 1920 2123 1971 fuit

230 2004 368 2055 votis
392 2020 618 2054 annuere
643 2007 763 2054 tum
787 2003 1186 2055 Venerabilium
1211 2003 1460 2055 Fratrum
1482 2021 1544 2054 eo
1575 2004 1632 2054 in
1664 2020 1824 2071 regno
1862 2020 2027 2055 sacras
2050 2022 2130 2056 res

230 2089 426 2140 vicaria
462 2089 795 2156 Apostolicae
829 2088 978 2140 Sedis
1015 2089 1336 2140 auctoritate
1378 2090 1783 2152 moderantium,
1808 2095 1927 2141 tum
1963 2091 2128 2158 pluri-

230 2188 438 2223 morum
481 2172 796 2223 dilectorum
839 2172 1101 2224 Filiorum
1147 2190 1212 2223 ex
1263 2172 1521 2223 catholico
1565 2172 1702 2224 clero
1740 2191 1802 2224 ac
1843 2174 2055 2241 popule,
2094 2192 2127 2225 a

230 2255 421 2323 quibus
459 2255 873 2322 impensissimas
909 2255 968 2305 in
998 2272 1122 2305 eum
1159 2254 1320 2305 finem
1351 2271 1528 2322 preces
1557 2271 1935 2322 acceperamus,
2009 2255 2127 2307 Hoc

229 2341 406 2407 ipsum
430 2356 536 2390 non
562 2339 722 2391 semel
745 2340 1142 2408 postulaverant
1165 2339 1381 2390 illorum
1404 2339 1508 2407 maj
1516 2356 1627 2391 ores
1659 2356 1691 2390 a
1721 2339 2127 2391 Praedecessori-

230 2425 328 2476 bus
351 2424 578 2488 Nostris,
596 2426 689 2492 qui
715 2442 835 2476 sane
859 2423 1096 2477 Vicarios
1120 2424 1448 2492 Apostolicos
1472 2429 1589 2474 tum
1614 2424 1827 2475 demum
1852 2425 1908 2475 in
1933 2425 2126 2494 Anglia

229 2510 483 2577 deputare
507 2511 609 2560 orsi
634 2510 843 2560 fuerant
867 2527 990 2562 cum
1014 2509 1152 2560 nulli
1178 2510 1379 2560 ibidem
1416 2526 1625 2559 manere
1657 2514 1900 2576 poterant
1934 2508 2125 2561 Catho—

230 2595 323 2646 lici
347 2595 632 2645 Antistites
656 2596 921 2662 propriam
955 2595 1013 2646 in
1050 2584 1211 2664 regno
1248 2595 1362 2661 ipso
1402 2595 1691 2645 Ecclesiam
1717 2595 1975 2645 ordinario
2004 2595 2124 2662 jure

229 2681 548 2743 obtinenteS‚
573 2684 734 2748 atque
758 2681 882 2731 hinc
907 2680 1121 2732 illorum
1147 2680 1427 2731 consilium
1460 2681 1517 2730 in
1551 2680 1874 2730 Vicariorum
1909 2696 2125 2731 numero

230 2772 286 2818 et
322 2766 659 2817 vicarialibus
696 2766 827 2833 ipsis
860 2767 1191 2817 districtibus
1227 2766 1472 2833 deinceps
1506 2766 1701 2817 iterum
1733 2771 1894 2832 atque
1930 2766 2122 2816 iterum

229 2851 671 2918 multiplicandiS,
709 2867 815 2902 non
855 2868 916 2902 eo
955 2856 1096 2902 certe
1135 2851 1408 2918 spectabat
1450 2856 1513 2901 ut
1562 2851 1878 2902 catholicam
1914 2867 2024 2901 rem
2067 2852 2124 2900 in

228 2937 455 3005 Angliae
486 2953 646 3006 regno
671 2937 1080 2988 extraordinaria
1110 2936 1317 3004 jugiter
1358 2937 1561 2987 ratione
1593 2936 1999 2998 moderarentur,
2033 2936 2123 2986 sed

227 3024 408 3091 potius
431 3026 496 3073 ut
520 3022 634 3089 ejus
657 3023 983 3073 incremento
1016 3026 1172 3089 prout
1206 3028 1446 3089 tempora
1479 3022 1714 3072 ferebant
1749 3021 2122 3087 prospicientes

227 3109 372 3160 viam
419 3123 527 3158 una
575 3107 735 3158 simul
776 3111 1018 3174 pararent
1058 3107 1348 3158 ordinariae
1383 3107 1494 3157 illic
1534 3105 1869 3157 Hierarchiae
1908 3106 2121 3156 tandem

227 3194 510 3262 aliquando
535 3193 892 3244 insturandae.
967 3193 1158 3260 Itaque
1194 3191 1319 3256 Nos,
1363 3192 1555 3259 quibus
1592 3197 1803 3242 tantum
1843 3207 1973 3257 opus
2009 3208 2122 3257 per-

226 3279 381 3330 ficere
406 3295 611 3330 summo
647 3278 749 3329 Dei
785 3277 1039 3330 beneficio
1064 3279 1252 3329 datum
1277 3281 1374 3339 est,
1399 3275 1497 3327 hoc
1522 3277 1635 3343 ipso
1667 3276 1724 3326 in
1759 3276 1870 3325 loco
1895 3275 2122 3326 declara-

226 3369 348 3415 tum
373 3364 633 3426 volumu8‚
658 3363 812 3431 longe
842 3380 1048 3430 prorsus
1073 3363 1250 3414 abesse
1274 3379 1305 3412 a
1331 3368 1507 3412 mente
1540 3362 1871 3427 consiliisque
1898 3360 2119 3421 Nostris,

226 3456 292 3501 ut
339 3450 625 3500 Antistites
666 3449 893 3518 Angliae‚
935 3448 1326 3500 Ordinariorum
1371 3447 1748 3514 Episcoporum
1799 3446 2011 3494 nomine
2059 3462 2120 3495 ac

155 3545 157 3547 ’
220 3535 432 3603 juribus
465 3534 730 3603 insigniti,
755 3550 1067 3601 quacunque
1091 3532 1196 3582 alia
1232 3533 1287 3582 in
1332 3548 1383 3581 re
1421 3530 1709 3582 commodis
1743 3529 2121 3590 destituantur,

231 3617 423 3683 quibus
447 3617 671 3666 antehac
695 3633 803 3666 una
827 3633 949 3665 cum
983 3614 1401 3681 Apostolicorum
1426 3613 1750 3662 Vicariorum
1789 3611 1947 3661 titulo
1985 3612 2121 3660 frue-

229 3698 438 3748 bantur.
511 3697 562 3746 N
565 3714 623 3748 ec
648 3698 792 3748 enim
818 3698 953 3747 ratio
979 3697 1124 3757 sinit,
1150 3695 1287 3745 utin
1308 3694 1516 3744 illorum
1537 3694 1912 3744 detrimentum
1930 3693 2120 3742 cedant

227 3799 364 3849 quae
388 3800 420 3833 a
443 3781 608 3832 Nobis
641 3798 705 3831 ex
732 3780 1120 3832 catholicorum
1144 3780 1435 3848 Anglorum
1473 3783 1594 3828 voto
1632 3778 1689 3827 in
1727 3777 1923 3827 bonum
1949 3794 2119 3826 sacrae

1930 3870 1958 3911 6
