2534 4374
361 483 447 545 vi.
1004 494 1358 541 CONSPECTUS
1408 491 1636 537 RERUM.

2156 638 2254 665 Gnu

389 699 621 750 XXVII.
660 700 740 750 De
767 698 1132 767 Regularibus.
1255 736 1271 750 .
2191 698 2258 746 35

362 785 624 835 XXVIII.
665 784 742 834 De
770 783 1269 834 Sanctimonialibus
1343 816 1360 834 .
2063 817 2078 833 .
2189 782 2258 832 36

416 870 622 919 XXIX.
661 869 739 918 De
765 867 1040 935 Episcopis
1095 903 1110 918 .
2061 901 2079 919 .
2189 865 2255 916 37

357 1022 679 1075 STATUTA
742 1019 1259 1071 CAPITULARIA:

571 1114 616 1164 I.
655 1114 734 1163 De
761 1112 1036 1163 Canonicis
1059 1113 1118 1161 in
1141 1128 1329 1178 genere
2057 1145 2077 1165 .
2186 1112 2253 1162 39

541 1200 617 1250 ΙΙ.
655 1199 735 1249 De
759 1198 968 1248 Admiss
948 1198 1090 1246 sione
1118 1195 1498 1248 Canonicorurn
1572 1233 1588 1248 .
2057 1231 2075 1251 .
2186 1199 2252 1247 39

510 1283 618 1334 III.
655 1283 734 1334 De
759 1282 1136 1332 Praecedentia
1163 1279 1544 1331 Canonicorum
1663 1318 1678 1333 .
2058 1317 2075 1335 .
2182 1284 2254 1332 40

518 1368 612 1418 IV.
650 1368 727 1418 De
753 1367 961 1417 Divinis
988 1365 1203 1429 Officiis,
1229 1370 1285 1415 et
1312 1364 1539 1416 Servitio
1565 1317 2074 1421 01101611..
2181 1370 2248 1417 41

548 1453 613 1503 V.
651 1453 731 1503 De
756 1452 991 1502 Ecclesia
1017 1450 1355 1502 Cathedrali.
1502 1489 1515 1501 .
2056 1487 2076 1507 .
2181 1456 2251 1503 42

517 1538 614 1588 VI.
652 1538 733 1587 De
755 1537 1051 1605 Dignitate,
1078 1535 1276 1587 Officiis
1305 1539 1361 1586 et
1386 1534 1747 1589 Officialibus.
2054 1571 2074 1591 .
2181 1541 2250 1588 42

487 1623 613 1673 VII.
651 1623 729 1672 De
756 1621 1079 1673 Sessionibus
1106 1620 1517 1689 Capitularibus.
2179 1626 2253 1672 44

457 1708 612 1761 VIII.
651 1708 730 1758 De
754 1707 979 1758 Decessu
1004 1706 1383 1758 Canonicorum
1407 1743 1424 1758 .
2055 1742 2073 1760 .
2179 1706 2248 1758 47

509 1792 610 1842 ΙΧ.
647 1793 727 1844 De
753 1792 982 1844 Statutis
1002 1793 1064 1843 in
1088 1809 1278 1861 genere
1336 1829 1352 1843 .
2054 1828 2074 1845 .
2179 1794 2246 1844 47

345 1944 647 1996 ELENcHUs
683 1945 1062 1995 DECRETORUM
1078 1982 1092 1995 .
2051 1982 2069 1998 .
2176 1949 2244 1997 48

345 2043 806 2095 SUBSCRIPTIONES
841 2043 1080 2094 PATRUM
1167 2077 1185 2094 .
2048 2077 2068 2096 .
2174 2047 2245 2097 49

345 2195 754 2245 APPENDIX:

483 2287 632 2338 PARS
669 2288 714 2339 Ι.
763 2288 1092 2339 Documenta
1116 2290 1172 2339 in
1200 2287 1408 2357 Synodo
1433 2288 1677 2358 allegata.

556 2374 602 2424 I.
640 2373 872 2423 Litterae
917 2374 1248 2440 Apostolicae
1299 2391 1392 2442 pro
1436 2373 1789 2426 Institutione
1838 2373 2061 2443 Capitu-

712 2459 881 2509 lorum
908 2457 1300 2510 Cathedralium
1329 2496 1344 2510 .
2172 2463 2242 2514 50

525 2544 600 2594 ΙΙ.
640 2545 891 2594 Extensio
916 2544 1353 2595 Praecedentium
1379 2544 1725 2598 Facultatum
2041 2583 2058 2599 .
2170 2551 2237 2599 52

496 2629 603 2679 III.
640 2629 922 2685 Decretum
947 2629 1084 2679 circa
1112 2628 1357 2697 Capitula
1486 2668 1501 2682 .
1647 2668 1661 2684 .
2044 2670 2061 2689 .
2170 2636 2240 2685 53

503 2713 597 2763 IV.
634 2713 915 2763 Decretum
940 2714 1002 2763 de
1030 2712 1274 2780 Capitulo
1299 2714 1670 2782 Plymuthensi
1714 2753 1731 2768 .
2169 2721 2236 2771 55

532 2797 598 2847 V.
636 2797 919 2847 Decretum
944 2798 1010 2852 de
1033 2797 1084 2846 N
1086 2799 1392 2864 ewportens1
1491 2837 1504 2850 .
2170 2806 2236 2855 55

501 2881 598 2930 VI.
636 2880 917 2932 Decretum
942 2881 1006 2931 de
1032 2880 1282 2933 Ecclesiis
1308 2880 1723 2938 Cathedralibus.
2169 2890 2237 2941 56

473 2965 598 3015 VII.
638 2965 923 3015 Instructio
942 2966 1078 3016 circa
1099 2965 1549 3020 Commendandos
1568 2971 1636 3020 ad
1654 2970 2054 3039 Episcopatum.
2169 2974 2235 3026 57

441 3051 601 3101 VIII.
638 3050 718 3100 De
744 3050 1051 3102 Rectoribus
1076 3052 1424 3104 Missionariis
1558 3092 1572 3105 .
2042 3096 2056 3110 .
2168 3062 2236 3112 59

499 3135 600 3185 IX.
637 3134 921 3185 Decretum
944 3135 1350 3202 Approbationis
1375 3138 1557 3205 (Modi
1581 3094 1941 3213 procedendi.)
2033 3181 2051 3197 .
2167 3147 2235 3198 60

530 3220 599 3270 X.
637 3219 828 3269 Modus
853 3221 1166 3286 procedendi
1189 3223 1326 3287 circa
1351 3223 1597 3278 Rectores
1621 3227 1998 3282 Missionarios
2035 3268 2053 3287 ,.
2167 3233 2229 3284 61

494 3305 594 3355 ΧΙ.
633 3304 921 3355 Instructio
945 3304 1011 3355 de
1038 3303 1288 3357 Custodia
1313 3307 1500 3361 Fontis
1527 3311 1871 3380 Baptismalis
2166 3319 2234 3370 63

358 3452 360 3454 v
463 3390 593 3441 XII.
631 3390 917 3440 Instructio
934 3391 998 3440 de
1014 3389 1356 3444 Sanctissima
1371 3393 1705 3448 Eucharistia
1720 3403 2045 3454 asservanda.
2161 3404 2228 3455 65

432 3476 595 3526 ΧΙΙΙ.
633 3475 885 3526 Extensio
909 3475 1180 3542 Temporis
1205 3476 1473 3530 Paschalis
1645 3519 1659 3532 .
2038 3524 2055 3540 .
2164 3489 2232 3540 66

446 3560 593 3610 XIV.
630 3560 710 3610 De
734 3560 1075 3610 Absolutione
1100 3561 1166 3610 ab
1191 3561 1585 3631 Irregularitate
1611 3565 1903 3622 Ordinandi
2028 3607 2045 3624 .
2130 3619 2132 3622 .
2156 3572 2223 3625 67

476 3645 595 3696 XV.
632 3644 712 3694 De
738 3644 1079 3696 Ordinatione
1103 3649 1249 3703 extra
1273 3651 1512 3715 tempora
1639 3688 1654 3702 .
1802 3692 1815 3704 .
1860 3703 1862 3705 .
1890 3713 1894 3716 ,
2034 3692 2051 3709 .
2163 3657 2229 3709 67

448 3729 595 3780 XVI.
634 3729 711 3779 De
737 3728 1076 3780 Ordinatione
1101 3730 1169 3781 ad
1192 3730 1435 3782 Titulum
1459 3733 1727 3788 Missionis
1873 3718 1896 3791 ,Α
1997 3769 1999 3771 -
2035 3777 2050 3792 .
2086 3790 2091 3794 ,
2162 3742 2228 3793 68

414 3813 595 3864 XVII.
634 3813 885 3864 Extensio
911 3813 1277 3866 Praecedentis
1298 3815 1562 3885 Rescripti
1637 3857 1650 3870 .
2034 3861 2048 3875 .
2083 3806 2103 3856 s
2160 3826 2228 3877 69
