2534 4374
463 401 585 461 126
1026 422 1184 463 cose.
1231 422 1395 463 Pssov.
1441 421 1660 463 wuer.
1706 423 1768 465 11.

598 569 684 617 28.
734 569 817 618 An
843 569 983 618 adsit
1001 569 1240 619 doctrina
1260 554 1559 619 Christiana
1578 570 1635 619 in
1655 570 1840 639 lingua
1864 572 2143 622 vernacula
2168 589 2358 640 expur-

446 661 581 725 gata
605 658 672 707 ab
696 658 842 707 omni
868 675 1050 719 errore,
1074 663 1130 707 et
1154 662 1413 724 quatenus
1437 658 1703 726 negative.

596 748 696 797 29.>
731 747 816 796 Au
842 746 950 797 sint
974 752 1029 795 et
1052 764 1157 813 quo
1190 763 1408 797 numero
1447 747 1652 798 scholae
1690 748 2102 801 acatholicorum
2135 756 2191 802 et
2225 769 2355 803 num

450 831 700 882 catholici
725 838 780 881 et
804 849 909 898 quo
935 848 1151 882 numero
1176 832 1295 882 illas
1319 833 1528 882 adeant.

597 919 681 966 30.
735 916 1077 983 Exprimatur
1100 934 1349 967 numerus
1377 918 1708 968 sacerdotum
1731 919 2103 988 indigenarum
2129 928 2186 972 et
2208 928 2352 974 exte-

449 1019 639 1052 rorum.

595 1089 679 1138 31.
729 1087 925 1138 Eorum
962 1089 1154 1155 patria,
1191 1105 1379 1151 moreS,
1417 1105 1652 1152 munera,
1676 1090 1736 1140 in
1772 1090 1966 1158 quibus
2005 1109 2060 1143 se
2094 1098 2355 1156 exercent,

448 1179 506 1222 et
528 1173 677 1239 cujus
701 1173 959 1223 utilitatis
984 1174 1093 1224 sint
1116 1190 1210 1241 pro
1236 1174 1451 1226 servitio
1477 1175 1757 1230 Ecclesiae.

593 1258 677 1309 32.
728 1259 812 1308 An
852 1258 1159 1326 hujusmodi
1202 1260 1494 1311 sacerdotes
1536 1261 1818 1313 facultates
1867 1261 2102 1314 habeant
2147 1280 2181 1315 a
2220 1263 2354 1316 Sede

440 1343 752 1411 apostolica,
779 1349 835 1394 et
859 1344 1012 1411 cujus
1036 1345 1277 1412 expensis
1301 1346 1505 1398 vivant.

592 1437 677 1485 33.
727 1436 811 1484 An
835 1437 975 1485 inter
999 1435 1128 1486 istos
1147 1436 1488 1487 inveniantur
1505 1437 1726 1488 Alumni
1751 1436 1893 1489 Sacr.
1917 1437 2352 1509 congregationis

443 1524 513 1574 de
532 1523 878 1592 Propaganda
896 1522 1031 1574 Fide
1049 1544 1062 1575 :
1097 1525 1317 1592 quinam
1336 1524 1477 1576 sint:
1511 1529 1567 1577 et
1581 1542 1651 1576 an
1665 1526 1996 1578 satisfaciant
2013 1528 2222 1578 muneri
2240 1545 2350 1579 suo,

591 1612 676 1660 34.
728 1609 1110 1677 Exprimantur
1144 1611 1310 1662 etiam
1348 1626 1560 1673 nomen,
1585 1615 1749 1674 aetas,
1771 1616 1828 1661 et
1863 1611 2148 1679 qualitates
2187 1629 2352 1664 sacer-

445 1696 632 1745 dotum
658 1695 1047 1763 indigenarum,
1071 1696 1165 1763 qui
1186 1700 1311 1746 sunt
1329 1700 1476 1747 extra
1499 1697 1811 1747 dioecesim:
1853 1702 1973 1747 tum
1998 1698 2164 1748 etiam
2189 1699 2352 1750 adno—

444 1786 627 1831 tentur
665 1781 797 1843 loca,
834 1782 892 1830 in
931 1781 1125 1850 quibus
1163 1786 1462 1831 morantur:
1501 1782 1630 1848 quid
1671 1781 1749 1832 ibi
1789 1787 2076 1851 peragant:
2115 1787 2172 1832 et
2195 1801 2262 1833 an
2286 1801 2351 1834 ex

438 1867 622 1935 aliquo
646 1867 901 1935 peculiari
925 1865 1090 1917 titulo
1114 1870 1394 1918 teneantur
1417 1867 1667 1918 inservire
1691 1867 1933 1935 propriae
1958 1868 2241 1919 Ecclesiae.

590 1954 674 2004 35.
725 1954 807 2003 An
848 1953 958 2003 sint
994 1953 1160 2003 etiam
1193 1951 1388 2015 clerici,
1415 1956 1471 2002 et
1508 1956 1668 2020 quot:
1709 1952 1970 2020 quomodo
2007 1957 2065 2004 et
2099 1954 2166 2004 ad
2191 1971 2351 2022 quem

444 2039 668 2090 titulum
694 2039 1031 2098 ordinentur3
1067 2037 1160 2088 ubi
1182 2037 1478 2097 resideant3
1513 2042 1571 2087 et
1593 2037 1724 2105 quid
1749 2036 1818 2088 ab
1840 2036 1951 2088 illis
1987 2038 2250 2106 exigatur,
2286 2045 2352 2090 ut

437 2126 511 2175 ad
536 2141 702 2174 sacros
728 2123 936 2174 ordines
959 2123 1255 2190 promoveri
1279 2122 1500 2190 possint.

588 2210 674 2260 36.
724 2210 808 2258 An
831 2210 1009 2259 adsint
1042 2207 1359 2259 missionarii
1396 2207 1678 2278 regulares,
1701 2213 1850 2277 quot,
1877 2209 2030 2277 cujus
2055 2211 2272 2274 ordiniS,
2294 2215 2353 2262 et

439 2296 597 2363 cujus
622 2295 867 2364 regionis.

588 2380 673 2432 37.
724 2381 807 2431 An
825 2380 1049 2432 cuilibet
1065 2380 1238 2432 ordini
1258 2380 1368 2431 sint
1384 2380 1643 2450 assignati
1667 2380 1799 2431 certi
1826 2379 2132 2441 districtus3
2171 2385 2228 2431 et
2246 2397 2352 2447 qua

439 2464 781 2515 auctoritate.

589 2552 674 2600 38.
727 2549 834 2601 Ubi
876 2550 1156 2613 resideant,
1202 2548 1395 2617 quibus
1443 2546 1792 2615 superioribus
1841 2546 2068 2610 subsint,
2118 2552 2174 2597 et
2221 2552 2354 2616 quot

443 2639 674 2690 habeant
699 2640 895 2690 domos

592 2727 677 2775 39.
726 2725 810 2774 An
835 2725 1065 2775 habeant
1088 2727 1376 2776 conventus
1394 2722 1663 2785 formatos,
1682 2721 1767 2772 vel
1791 2721 2057 2772 duntaxat
2081 2722 2350 2790 hospitia:

438 2819 501 2863 et
525 2828 594 2861 an
618 2811 677 2859 in
702 2810 769 2860 iis
795 2816 1024 2860 servetur
1049 2810 1304 2860 clausura.
1451 2804 1454 2814 ’

589 2898 676 2945 40.
715 2895 798 2944 An
823 2895 880 2944 in
906 2895 1177 2945 communi
1200 2894 1405 2956 vivant,
1423 2896 1480 2944 et
1497 2909 1622 2942 cum
1646 2891 1876 2959 regulari
1900 2892 2248 2957 observantia,
2268 2893 2354 2944 vel

445 2981 692 3032 habitent
717 2980 831 3042 soli,
857 2983 914 3030 et
936 2981 993 3030 in
1019 2979 1263 3030 domibus
1294 2977 1518 3046 privatis
1553 2993 1677 3027 cum
1703 2975 2085 3028 saecularibus:
2125 2982 2182 3028 et
2204 2994 2354 3046 prae-

443 3067 603 3133 cipue
628 3081 752 3115 cum
778 3064 1107 3115 mulieribus

590 3152 677 3199 41.
729 3149 796 3199 In
820 3166 924 3216 quo
949 3149 1140 3199 habitu
1162 3149 1431 3205 incedant.

591 3237 678 3284 42.
729 3234 812 3283 An
837 3234 1134 3284 admittant
1157 3234 1226 3284 ad
1262 3233 1527 3295 habitum,
1550 3235 1608 3283 et
1642 3231 2015 3299 professionem
2049 3234 2131 3282 sui
2157 3233 2355 3283 ordinis

447 3321 742 3389 indigenas,
765 3323 823 3369 et
846 3336 952 3386 qua
975 3319 1310 3370 auctoritate.

592 3406 679 3454 43.
729 3403 814 3453 An
849 3403 1111 3472 regulares
1147 3403 1380 3455 habeant
1415 3403 1695 3454 facultates
1723 3392 2020 3470 speciales:
2070 3405 2128 3451 et
2162 3417 2231 3451 an
2267 3418 2354 3452 eas

449 3489 736 3540 exhibeant
762 3488 1042 3555 Episcop0,
1067 3492 1353 3555 antequam
1379 3492 1671 3538 exerceant.

591 3575 679 3623 44.
732 3572 798 3622 In
822 3572 1013 3639 quibus
1036 3572 1370 3639 dependeant
1394 3573 1463 3622 ab
1487 3571 1779 3639 EpiscopiS.

590 3660 677 3709 45.
729 3657 930 3718 Quibus
953 3657 1143 3707 mediis
1167 3662 1553 3708 sustententur:
1591 3675 1662 3708 an
1685 3656 1889 3724 aliquid
1925 3673 2018 3723 pro
2049 3655 2354 3707 Sacramen-

444 3749 624 3796 torum
647 3743 1107 3794 administratione
1129 3743 1443 3810 percipiant,
1468 3746 1524 3793 et
1547 3758 1683 3810 quae
1707 3741 1779 3792 sit
1802 3741 2016 3792 illorum
2041 3740 2201 3791 fama.
