2534 4374
491 429 612 492 166
1041 450 1201 492 00110.
1247 449 1420 492 PRov.
1465 449 1682 492 wner.
1733 449 1814 488 111.

481 598 538 646 et
560 594 680 645 aliis
715 594 1048 662 praescriptis
1084 593 1442 662 temporibus3
1479 593 1719 661 frequens
1761 594 2000 644 omnium
2042 590 2374 655 communic,

481 683 538 730 et
577 679 716 729 inter
759 679 1151 730 Ecclesiasticos
1193 678 1433 729 alumnos
1477 677 1682 746 saepius
1724 678 1888 728 etiam
1929 677 1987 727 in
2027 676 2376 737 hebdomada,

479 777 603 811 cum
626 762 837 828 praevio
861 761 930 811 ad
955 760 1172 812 Sacrum
1209 760 1574 812 Poenitentiae
1610 759 1842 811 tribunal
1877 776 2118 820 accessu3
2155 760 2372 810 tandem

478 846 726 897 exercitia
751 845 1050 912 spiritualia
1073 846 1299 913 rigorose
1324 845 1521 896 tradita
1543 848 1600 896 et
1622 849 1863 912 peracta3
1896 861 1961 896 en
1978 861 2112 912 quae
2130 844 2376 895 omnibus

480 930 629 981 laicis
668 934 726 980 et
763 929 966 980 clericis
1009 935 1134 980 sunt
1176 930 1497 993 communia,
1531 929 1726 997 quibus
1763 929 1978 981 demere
2010 929 2245 998 quidem,
2268 945 2375 980 non

481 1032 600 1066 vero
624 1014 814 1073 addere
838 1014 994 1065 facile
1016 1018 1166 1067 esset.
1479 1020 1482 1021 ’

1270 1208 1452 1262 PARS
1513 1209 1591 1262 II.

514 1342 594 1397 De
628 1341 707 1396 iis
743 1360 885 1414 quae
919 1341 1267 1413 sufferenda
1301 1341 1568 1396 videntur
1595 1359 1707 1413 pro
1736 1339 1946 1411 majori
1971 1339 2342 1414 G'ollcyiorum
2405 1324 2411 1344 ¹

1016 1444 1530 1501 Ecclesiasticorum
1561 1446 1838 1518 prosectu.

623 1566 860 1619 Facilius
899 1567 1117 1635 quidem
1161 1571 1243 1618 est
1289 1567 1524 1618 defectus
1565 1568 1857 1635 prospicere
1894 1571 1950 1618 et
1985 1571 2167 1619 notare
2215 1583 2375 1636 quam

478 1650 668 1702 iisdem
709 1653 1004 1705 remedium
1046 1669 1323 1721 apponere.
1397 1651 1544 1703 Illud
1586 1653 1804 1720 quidem
1853 1655 2094 1705 omnium
2137 1657 2236 1716 est,
2276 1652 2374 1705 hoc

479 1753 780 1804 paucorum.
855 1736 961 1790 Sed
998 1737 1043 1788 si
1079 1738 1136 1788 in
1160 1737 1412 1806 praefatis
1435 1737 1709 1789 videamur
1733 1738 1967 1808 elogium
1992 1739 2377 1807 quodammodo

485 1825 782 1872 nostrorum
819 1821 1171 1891 Collegiorum
1207 1823 1553 1887 contexuisse,
1590 1824 1769 1891 potius
1804 1841 1966 1892 quam
2009 1824 2145 1875 vitia
2197 1823 2377 1892 aliqua

479 1907 556 1958 eis
580 1907 922 1958 adhaerentia
957 1908 1042 1959 vel
1078 1908 1312 1959 maculas
1349 1907 1541 1960 saltem
1577 1908 1751 1977 digito
1787 1913 2118 1972 monstrasse,
2143 1909 2200 1960 id
2236 1914 2375 1960 certe

479 2014 587 2048 non
611 2002 693 2049 est
715 2015 813 2048 nec
838 1999 1035 2049 mentis
1059 1998 1309 2049 caecitati
1333 2014 1505 2066 neque
1529 1998 1762 2050 incuriae
1797 1998 2157 2050 tribuendum.
2232 1997 2377 2059 Quae

479 2085 622 2136 enim
670 2084 926 2137 hactenus
974 2085 1121 2138 dicta
1170 2089 1297 2138 sunt
1343 2085 1673 2138 solummodo
1726 2087 2000 2138 insinuant
2047 2087 2183 2137 vitia
2228 2086 2379 2137 nulla

479 2170 701 2222 existere
749 2187 886 2238 quae
934 2171 1247 2223 eradicanda
1299 2171 1385 2224 vel
1443 2171 1688 2223 funditus
1746 2171 2024 2222 evertenda
2083 2171 2376 2222 videantur.

477 2256 730 2307 Defectus
767 2273 889 2325 ergo
924 2258 1106 2324 potius
1140 2256 1336 2324 quibus
1372 2255 1747 2325 supplendum,
1771 2272 1934 2323 quam
1969 2255 2111 2308 mala
2147 2256 2378 2308 sananda

478 2341 644 2392 Nobis
668 2346 964 2393 occurrunt.
1036 2341 1117 2393 De
1140 2340 1223 2393 his
1247 2358 1371 2409 ergo
1394 2357 1563 2409 pauca
1586 2341 1841 2393 dicamus·

622 2427 669 2477 Ι.
720 2428 794 2477 Et
810 2428 982 2495 primo
1005 2427 1222 2495 quidem
1246 2427 1341 2478 ubi
1365 2427 1668 2495 praesertim
1692 2426 1946 2478 laicorum
1970 2426 2142 2477 multo
2167 2430 2380 2494 superat

481 2509 800 2563 Clericorum
848 2529 1149 2575 numerum,
1196 2511 1412 2563 difficile
1471 2515 1554 2563 est
1612 2512 1860 2579 spiritum
1907 2511 2236 2562 mundanum
2291 2528 2380 2562 ex-

432 2628 435 2629 ⁷
480 2600 706 2663 cludere,
743 2598 838 2665 qui
876 2601 1050 2649 totam
1091 2598 1311 2649 domum
1353 2597 1549 2648 sensim
1586 2600 1828 2664 penetret
1867 2597 2020 2665 eique
2062 2597 2377 2648 dominetur.

480 2685 820 2752 Experientia
842 2699 937 2734 nos
960 2682 1145 2734 docuit
1176 2681 1469 2733 multorum
1505 2683 1805 2734 vocationes
1839 2682 2081 2750 quamvis
2115 2681 2184 2732 ab
2217 2681 2380 2732 initio
2458 2718 2465 2723 -

482 2770 609 2821 satis
656 2769 832 2819 firmas
882 2767 1044 2819 fuisse
1090 2783 1156 2818 ex
1203 2766 1303 2818 hoc
1357 2767 1615 2818 consortio
1663 2766 2004 2818 labefactatas
2052 2783 2114 2817 ac
2162 2767 2378 2817 demum

482 2854 698 2905 omnino
723 2853 988 2903 corruisse.
1063 2849 1167 2902 Sed
1189 2852 1355 2902 etiam
1379 2851 1439 2901 in
1464 2867 1550 2902 eos
1585 2852 1678 2919 qui
1713 2854 2044 2918 perseverant
2077 2851 2380 2902 infunditur

490 2938 773 3007 aliquando
799 2935 1148 2988 saecularium
1171 2952 1346 2987 rerum
1370 2936 1540 2987 nimia
1573 2937 1856 3003 cupiditas,
1897 2952 2034 3003 quae
2067 2935 2240 2987 zelum
2276 2935 2377 2986 Dei

482 3028 539 3075 et
561 3024 859 3074 animarum
884 3021 1219 3073 imminuunt
1240 3024 1298 3072 et
1320 3036 1354 3070 a
1377 3020 1569 3071 studiis
1594 3021 1751 3072 sacris
1774 3021 1843 3071 ad
1866 3020 2060 3071 leviora
2089 3020 2379 3071 abducunt.

627 3108 862 3159 Unicum
905 3123 999 3174 pro
1037 3106 1137 3158 hoc
1179 3106 1393 3157 defectu
1430 3105 1721 3157 remedium
1769 3109 1910 3156 certe
1957 3109 2039 3156 est
2087 3105 2381 3174 segregatio

486 3192 802 3246 Clericorum
826 3209 859 3243 a
880 3191 1066 3251 laicis3
1102 3193 1260 3258 prout
1275 3189 1393 3257 jam
1417 3190 1476 3240 in
1498 3189 1692 3240 Nostra
1717 3189 1926 3257 Synodo
1951 3189 2104 3240 Prov.
2121 3190 2167 3240 Ι.
2186 3189 2381 3259 (XXVI)

485 3280 638 3347 plene
662 3296 723 3328 ac
749 3276 988 3327 consulto
1014 3275 1338 3326 declaratum
1374 3279 1468 3326 est.
1543 3274 1618 3326 Et
1652 3292 1828 3327 revera
1863 3277 1923 3326 in
1956 3292 2019 3326 eo
2054 3277 2230 3343 capite
2264 3279 2378 3326 tam

486 3368 725 3415 accurate
748 3367 865 3413 tota
888 3377 969 3412 res
993 3360 1203 3411 videtur
1226 3360 1385 3411 fuisse
1409 3362 1655 3422 tractata,
1679 3363 1744 3410 ut
1768 3360 1933 3411 satius
1958 3360 2030 3411 sit
2052 3360 2121 3411 ad
2149 3377 2212 3410 ea
2247 3377 2380 3428 quae

490 3449 569 3499 ibi
605 3449 811 3499 decreta
849 3449 974 3496 sunt
1008 3445 1210 3507 referre,
1233 3461 1394 3512 quam
1429 3444 1633 3511 aliquid
1669 3443 1734 3494 de
1757 3460 1891 3495 novo
1915 3443 2188 3495 declarare.
2238 3441 2381 3495 ·Hoc

487 3533 656 3583 solum
693 3532 915 3599 adjungi
951 3533 1144 3597 potest,
1170 3545 1316 3596 spem
1352 3528 1501 3579 nobis
1537 3543 1678 3578 nunc
1707 3527 1959 3596 affulgere
1981 3529 2197 3595 propius
2221 3545 2379 3596 quam

487 3635 610 3668 cum
633 3634 695 3667 ea
725 3616 1076 3667 scribebamus
1112 3614 1330 3664 videndi
1367 3612 1662 3664 Seminaria
1697 3613 1756 3663 in
1792 3612 2014 3680 singulis
2050 3611 2382 3664 Dioecesibus

488 3703 728 3754 fundata.
838 3701 988 3751 Tunc
1049 3699 1267 3767 quidem
1337 3699 1695 3766 unusquisque
1754 3697 2045 3765 Episcopus
2103 3696 2383 3766 invigilare
