2534 4374
476 417 593 474 146
758 487 763 492 ⁸
1037 438 1198 480 conc.
1246 439 1419 481 PRov.
1465 440 1684 483 wser.
1732 441 1795 482 11.

608 583 688 633 Ex
714 585 1003 642 Audientia
1030 584 1364 636 Sanctissimi
1390 586 1572 638 habita
1597 589 1684 639 die
1710 591 1776 639 28
1803 590 2124 654 DecembriS,
2156 592 2309 642 1856.

610 667 983 720 Sanctissimus
1045 670 1305 721 Dominus
1368 670 1559 722 Noster
1620 672 1749 724 Pius
1798 675 1981 726 divina
2034 675 2366 744 providentia

466 753 573 802 ΡΡ.
616 753 714 816 ΙΧ,
755 755 1009 805 referente
1047 771 1134 806 me
1177 755 1510 823 infrascripto
1553 756 1606 808 S.
1646 749 1703 809 C.
1741 759 1808 809 de
1846 759 2191 830 Propaganda
2234 759 2369 810 Fide

438 839 444 845 “
464 839 739 890 secretario
764 841 991 907 benigne
1016 841 1208 890 annuit
1231 857 1324 906 pro
1350 838 1521 909 gratia
1546 843 1603 892 in
1628 843 1874 894 omnibus
1889 844 2050 911 juxta
2073 846 2260 912 petita.

607 923 808 974 Datum
837 925 1032 975 Romae
1061 942 1125 975 ex
1150 926 1383 977 Aedibus
1409 927 1537 978 dict.
1560 927 1613 979 S.
1632 927 1690 980 C.
1717 929 1805 979 die
1829 934 1885 980 et
1903 946 2041 980 anno
2066 929 2367 998 praedictis,

682 1008 875 1071 GratiS,
903 1018 1004 1060 etc.

607 1095 670 1145 L.
696 1093 769 1166 *¹⁴
793 1094 847 1147 S.
1483 1098 1820 1162 CAJETANUS,
1845 1099 2296 1168 Archiepiscopus.

1600 1184 1916 1248 Thebarum,
1941 1202 1978 1236 a
2001 1187 2226 1236 secretis.

1140 1333 1546 1386 DECRETUM
1583 1336 1702 1386 XV.

674 1446 1035 1517 Rescriptum
1059 1446 1497 1529 Sanctissimum
1523 1446 1588 1499 de
1611 1445 1721 1500 Pio
1744 1445 2023 1500 Exercitio
2047 1445 2169 1501 miae

1323 1536 1522 1572 crucw.

471 1614 784 1665 Beatissime
809 1614 986 1678 Pater,
2305 1669 2312 1684 Ι

611 1700 1082 1750 Eminentissimus
1101 1699 1537 1766 Archiepiscopus
1555 1699 2123 1750 westmonasteriensis
2143 1703 2200 1750 et
2219 1699 2372 1767 Epis-

460 1787 587 1854 -copi
625 1785 941 1853 suffraganei
979 1784 1284 1852 supplicant
1320 1790 1383 1835 ut
1421 1784 1474 1836 S.
1501 1785 1566 1835 V.
1604 1785 1833 1853 benigne
1870 1786 2121 1854 dignetur
2149 1784 2371 1853 singulis

469 1870 759 1922 Ordinariis
794 1887 888 1937 pro
938 1871 1045 1920 suis
1087 1870 1377 1937 respective
1421 1870 1745 1921 dioecesibus
1770 1871 2049 1921 concedere
2090 1871 2370 1921 Indultum

471 1959 524 2007 vi
561 1957 643 2024 cuj
652 1974 712 2006 us
750 1957 945 2024 erigere
982 1955 1196 2006 valeant
1231 1957 1346 2022 pias
1384 1956 1637 2006 stationes
1667 1955 1801 2006 Viae
1828 1954 2023 2019 CruciS,
2051 1973 2240 2023 easque
2265 1956 2374 2006 sive

470 2059 563 2109 per
587 2059 658 2104 se,
684 2043 792 2091 sive
816 2058 908 2108 per
931 2041 1061 2091 alios
1080 2041 1148 2091 ab
1175 2040 1436 2108 Episcopo
1461 2039 1746 2109 delegatOS,
1771 2039 2073 2091 benedicere
2091 2045 2147 2090 et
2170 2041 2228 2090 in
2247 2041 2373 2090 locis

472 2127 750 2178 destinatis
775 2126 1044 2176 collocare.

614 2210 854 2278 Cumque
890 2209 1142 2278 Episcopi
1177 2214 1389 2277 propter
1425 2210 1658 2261 locorum
1695 2211 2008 2260 distantiam
2042 2211 2375 2278 nequiverint

472 2300 724 2350 stationes
760 2315 853 2364 per
889 2298 1083 2363 seipsos
1120 2296 1389 2358 collocare,
1414 2312 1581 2363 neque
1618 2295 1851 2346 adfuerit
1886 2297 1943 2346 in
1983 2296 2203 2347 Indulto
2227 2313 2375 2364 prae-

473 2385 630 2435 terito
678 2383 902 2433 facultas
952 2383 1094 2432 idem
1145 2382 1426 2432 Indultum
1476 2382 1789 2449 presbyteris
1832 2381 2129 2451 delegandi,
2171 2382 2375 2449 petitur

474 2469 774 2537 Apostolica
789 2468 990 2518 sanctio
999 2466 1242 2517 omnium
1260 2468 1584 2516 erectionum
1593 2466 1710 2534 jam
1728 2467 1986 2516 factarum
2002 2484 2094 2534 per
2109 2483 2374 2518 erroneam

472 2554 859 2623 delegationem
883 2552 951 2602 ab
975 2551 1250 2618 Episcopis
1275 2551 1333 2600 in
1360 2551 1589 2600 favorem
1617 2551 1944 2600 sacerdotum
1971 2551 2171 2601 datam.

615 2639 828 2706 Rogant
875 2643 1143 2705 praeterea
1185 2636 1499 2686 facultatem
1544 2636 1781 2703 erigendi
1829 2636 1887 2686 in
1932 2637 2038 2686 suis
2086 2638 2375 2704 respective

472 2724 796 2776 dioecesibus
833 2739 1012 2773 omnes
1049 2726 1106 2772 et
1141 2721 1375 2790 singulas
1401 2722 1855 2771 confraternitates
1879 2738 1911 2771 a
1938 2720 1990 2772 S.
2018 2721 2153 2772 Sede
2186 2739 2374 2790 appro—

473 2812 640 2869 bataS,
677 2825 801 2858 cum
837 2810 1103 2873 potestate
1140 2805 1418 2873 delegandi
1463 2805 1752 2855 sacerdotes
1788 2805 1847 2855 in
1883 2805 2107 2874 singulis
2144 2806 2376 2857 ecclesiis

472 2900 529 2945 et
563 2893 766 2945 sacellis
786 2893 894 2960 qui
929 2891 1354 2942 benedictionem
1386 2896 1440 2940 et
1471 2890 1900 2941 distributionem
1929 2891 2294 2958 Scapularium
2320 2898 2377 2943 et

473 2979 764 3049 insignium
791 2977 1072 3028 earumden
1098 2976 1596 3027 confraternitatum
1622 2976 1834 3042 exsequi
1863 2976 2088 3027 valeant.

616 3063 937 3115 Humillime
981 3061 1283 3128 supplicant
1330 3062 1544 3126 insuper
1591 3064 1656 3109 ut
1704 3059 1883 3111 fideles
1932 3061 2120 3111 lucrari
2165 3063 2376 3113 valeant

464 3167 653 3202 omnes
676 3147 1037 3216 indulgentias
1050 3150 1113 3216 'et
1137 3145 1337 3195 favores
1357 3144 1658 3210 spirituales
1677 3145 1733 3193 in
1754 3145 1982 3195 favorem
2009 3148 2375 3213 peragentium

457 3237 726 3286 „stationes
762 3232 1056 3299 praedictas
1091 3234 1147 3280 et
1181 3229 1374 3280 iisdem
1403 3229 1923 3280 confraternitatibus
1949 3231 2295 3299 ascriptorum
2320 3236 2376 3282 et

471 3320 916 3372 ascribendorum.

626 3404 813 3466 Quare,
836 3406 938 3453 etc.
1469 3457 1474 3461 μ

1159 3483 1325 3541 Die?
1352 3482 1516 3547 Maii,
1541 3483 1703 3535 1857.

622 3576 834 3627 Utendo
875 3573 1220 3625 facultatibus
1262 3589 1293 3621 a
1335 3570 1425 3621 SS.
1470 3570 1535 3620 D.
1577 3568 1645 3619 N.
1690 3569 1788 3619 Pio
1822 3569 2004 3619 divina
2045 3570 2376 3637 providentia

470 3663 587 3713 ῬΡ.
626 3661 743 3722 ΙΧ.,
781 3661 1004 3710 durante
1040 3659 1185 3708 illius
1222 3657 1460 3707 absentia
1484 3656 1552 3705 ab
1578 3653 1734 3716 Urbe,
1761 3653 1857 3703 sibi
1885 3654 2112 3719 benigne
2137 3656 2372 3718 tributis,

481 3745 945 3798 Eminentissimus
970 3762 1031 3794 ac
1055 3743 1534 3794 Reverendissimus
1560 3740 1817 3789 Dominus
1842 3739 2134 3790 Alexander
2154 3739 2207 3791 S.
2225 3739 2288 3791 R.
2312 3741 2374 3792 E.
