2534 4374
484 422 604 483 120
1050 438 1213 482 coNc.
1261 436 1427 480 PRov.
1475 438 1696 481 wEer.
1742 440 1806 480 11.

462 589 708 641 excultos
752 587 1054 656 selegimuS,
1090 590 1154 636 ut
1192 602 1255 636 ea
1291 587 1491 649 omnia,
1529 601 1661 653 quae
1700 585 2113 637 Immaculatam
2149 584 2389 656 Virginis

474 674 883 741 Conceptionem
937 670 1248 738 respiciunt,
1298 671 1692 721 accuratissime
1741 671 2141 738 perpenderent,
2184 673 2385 740 propri-

461 777 664 827 amque
702 758 1023 809 sententiam
1053 756 1122 806 ad
1159 755 1268 806 Nos
1293 755 1569 806 deferrent.
1647 754 1901 816 Quamvis
1926 761 2108 808 autem
2133 757 2300 808 Nobis
2323 774 2387 809 ex

472 844 695 910 receptis
731 840 1177 910 postulationibus
1203 840 1270 890 de
1295 839 1596 891 definienda
1620 839 1841 891 tandem
1872 841 2157 910 aliquando
2186 843 2386 894 Imma-

474 929 650 979 culata
687 927 926 995 Virginis
953 924 1308 992 Conceptione
1343 929 1646 993 perspectus
1669 929 1803 976 esset
1842 925 2195 994 plurimorum
2221 945 2389 980 sacro-

473 1031 591 1063 rum
634 1013 961 1062 Antistitum
1005 1026 1199 1073 33113113,
1244 1013 1427 1060 tamen
1463 1010 1754 1078 encyclicas
1791 1010 2025 1063 Litteras
2062 1013 2151 1064 die
2183 1016 2217 1063 2
2252 1013 2385 1064 Feb-

473 1100 650 1160 ruarii,
689 1114 827 1147 anno
872 1097 1027 1158 1849,
1067 1094 1279 1163 Cajetae
1316 1096 1467 1146 datas
1503 1097 1571 1147 ad
1596 1113 1778 1147 omnes
1803 1097 2142 1150 Venerabiles
2180 1098 2390 1150 Fratres

473 1189 639 1238 totius
719 1185 969 1236 catholici
1049 1185 1187 1236 orbis
1262 1202 1524 1237 sacrorum
1593 1186 1881 1238 Antistites
1963 1188 2230 1253 misimus,
2307 1194 2390 1253 ut,
2436 1211 2449 1221 ·²

472 1271 729 1323 adhibitis
766 1271 834 1321 ad
870 1270 1045 1320 Deum
1082 1271 1343 1338 precibuS,
1369 1270 1535 1322 Nobis
1572 1271 1770 1339 scripto
1805 1273 1972 1324 etiam
2009 1273 2388 1342 significarent,

472 1376 606 1427 quae
631 1362 766 1408 esset
792 1373 1006 1407 suorum
1030 1356 1274 1408 fidelium
1293 1373 1416 1425 erga
1434 1356 1850 1408 Immaculatam
1874 1357 2130 1426 Deiparae
2157 1359 2384 1429 Concep-

474 1445 679 1494 tionem
715 1443 906 1510 pietaS,
932 1459 994 1493 33
1031 1442 1264 1504 devoti0,
1289 1446 1346 1493 et
1369 1442 1500 1509 quid
1536 1442 1640 1510 ipsi
1677 1443 1987 1510 praesertim
2011 1444 2300 1497 Antistites
2325 1447 2391 1498 de

473 1529 571 1579 hac
613 1529 729 1595 ipsa
771 1526 1085 1578 definitione
1129 1526 1343 1577 ferenda
1392 1527 1669 1591 sentirent,
1705 1528 1902 1596 quidve
1939 1533 2271 1597 exoptarent,
2307 1536 2388 1594 ut,

473 1631 577 1683 quo
615 1613 730 1664 fieri
771 1612 1055 1663 solemnius
1099 1617 1292 1680 posset,
1330 1628 1634 1681 supremum
1677 1611 1934 1664 Nostrum
1961 1613 2236 1682 judicium
2271 1633 2388 1684 pro-

478 1701 743 1750 ferremus,
1316 1740 1319 1741 γ

617 1783 669 1834 N
671 1800 739 1834 on
782 1783 1036 1834 mediocri
1080 1786 1220 1834 certe
1258 1782 1446 1834 solatio
1487 1781 1670 1834 affecti
1713 1783 1912 1835 fuimus
1955 1784 2048 1838 ubi
2086 1787 2390 1838 eorumdem

476 1869 873 1921 Venerabilium
911 1868 1161 1919 Fratrum
1197 1869 1266 1919 ad
1302 1867 1412 1919 Nos
1441 1885 1687 1936 responsa
1711 1860 2007 1920 venerunt-⁴
2056 1870 2199 1922 Nam
2223 1872 2390 1924 iidem

475 1954 776 2006 incredibili
801 1955 1034 2022 quadam
1062 1954 1426 2022 jucunditate,
1451 1954 1680 2017 laetitia,
1705 1971 1768 2005 33
1805 1955 1981 2006 studio
2018 1955 2185 2008 Nobis
2212 1960 2390 2009 rescri-

475 2049 657 2099 bentes
699 2063 807 2098 non
853 2045 1024 2097 solum
1058 2045 1376 2115 singularem
1412 2061 1580 2107 suam,
1617 2048 1674 2096 et
1709 2046 1906 2113 proprii
1944 2045 2200 2114 cujusque
2236 2046 2391 2112 Cleri,

476 2133 766 2201 populique
802 2131 975 2183 fidelis
1012 2149 1135 2201 erga
1173 2130 1591 2182 Immaculatum
1619 2129 1967 2182 Beatissimae
1991 2131 2229 2201 Virginis
2256 2132 2391 2185 Con-

476 2222 694 2286 ceptum
731 2217 1011 2285 pietatem,
1036 2221 1376 2284 mentemque
1401 2217 1573 2267 denuo
1599 2216 1993 2280 confirmarunt,
2018 2234 2201 2268 verum
2226 2220 2388 2270 etiam

476 2304 748 2354 communi
797 2302 965 2353 veluti
1009 2306 1134 2353 voto
1176 2319 1209 2352 a
1249 2301 1416 2353 Nobis
1458 2301 1880 2369 expostularunt,
1921 2307 1985 2352 ut
2035 2302 2391 2355 Immaculata

476 2389 642 2456 ipsius
667 2388 904 2457 Virginis
931 2386 1222 2455 Conceptio
1248 2403 1491 2455 supremo
1527 2387 1720 2438 Nostro
1748 2387 1957 2455 judicio
1981 2390 2038 2438 et
2069 2390 2390 2439 auctoritate

469 2473 800 2524 definiretur.
891 2471 1002 2523 Nec
1045 2473 1240 2523 minori
1282 2476 1423 2522 certe
1465 2471 1684 2522 interim
1726 2471 1924 2540 gaudio
1960 2472 2157 2539 perfusi
2193 2490 2392 2538 sumus,

479 2576 603 2609 cum
627 2558 741 2608 VV.
769 2557 881 2608 FF.
906 2557 957 2607 N
961 2557 1029 2608 N.
1058 2556 1112 2608 S.
1132 2557 1198 2608 R.
1220 2557 1283 2607 E.
1312 2555 1612 2608 Cardinales
1638 2560 2076 2607 commemoratae
2109 2557 2389 2624 peculiaris

482 2643 933 2712 Congregationis,
959 2646 1016 2693 et
1051 2642 1312 2710 praedicti
1350 2640 1588 2710 theologi
1625 2640 1944 2710 consultores
1974 2657 2006 2690 a
2043 2640 2209 2692 Nobis
2233 2642 2388 2694 electi

478 2730 593 2797 pari
630 2728 907 2778 alacritate
931 2732 985 2778 et
1021 2727 1198 2778 studio
1222 2730 1343 2794 post
1369 2743 1588 2777 examen
1614 2725 1901 2795 diligenter
1923 2725 2230 2777 adhibitum
2253 2726 2388 2778 hanc

476 2815 546 2865 (13
595 2812 950 2862 Immaculata
1010 2811 1270 2880 Deiparae
1321 2809 1677 2878 Conceptione
1725 2809 2095 2862 definitionem
2142 2828 2177 2862 a
2222 2810 2389 2863 Nobis

481 2897 911 2967 efflagitaverint.

623 2983 754 3033 Post
788 2982 918 3032 haec
953 2981 1251 3032 illustribus
1293 2981 1756 3032 Praedecessorum
1798 2981 2110 3034 Nostrorum
2146 2983 2390 3052 vestigiis

480 3068 828 3129 inhaerentes,
854 3083 916 3116 33
952 3067 1056 3116 rite
1090 3070 1336 3133 recteque
1371 3067 1677 3133 praecedere
1714 3070 1976 3133 optantes,
2002 3067 2299 3119 indiximus
2334 3074 2390 3117 et

481 3154 765 3204 habuimus
815 3151 1203 3214 consistorium,
1254 3152 1312 3201 in
1361 3168 1465 3219 quo
1514 3151 1848 3203 Venerabiles
1910 3152 2119 3204 Fratres
2171 3152 2389 3204 Nostros

485 3238 708 3289 Sanctae
751 3236 1022 3287 Romanae
1064 3235 1329 3286 Ecclesiae
1368 3232 1669 3287 cardinales
1706 3236 1925 3286 allocuti
1964 3254 2162 3300 sumus,
2200 3254 2390 3304 eosque

484 3336 690 3369 summa
726 3319 894 3369 animi
929 3318 1111 3370 Nostri
1143 3317 1498 3368 consolatione
1523 3318 1827 3369 audivimus
1852 3335 1884 3368 a
1908 3318 2075 3369 Nobis
2099 3336 2389 3386 exposcere,
2459 3387 2461 3389 ι

482 3407 547 3454 ut
585 3404 945 3470 dogmaticam
981 3404 1047 3454 de
1085 3402 1439 3453 Immaculata
1474 3402 1729 3470 Deiparae
1765 3403 2005 3471 Virginis
2034 3402 2390 3471 Conceptione

488 3486 854 3538 definitionem
879 3488 1127 3538 emittere
1150 3487 1422 3538 vellemus·

630 3573 820 3639 Itaque
862 3572 1156 3639 plurimum
1199 3572 1258 3622 in
1293 3571 1523 3623 Domino
1559 3571 1743 3622 confisi
1779 3572 2050 3623 advenisse
2089 3576 2390 3640 temporum

486 3658 940 3723 opportunitatem
989 3674 1083 3724 pro
1134 3657 1488 3707 Immaculata
1531 3643 1909 3707 Sanctissimae
1954 3655 2058 3707 Dei
2105 3656 2391 3709 Genitricis

486 3740 722 3810 Virginis
760 3741 963 3792 Mariae
1003 3741 1357 3810 Conceptione
1399 3741 1712 3805 definienda,
1749 3757 1910 3808 quam
1935 3741 2131 3792 'divina
2167 3742 2390 3810 eloquia,
