2534 4374
679 436 1014 480 ms'rnuc‘rro
1058 438 1242 482 SUPER
1283 440 1617 485 mmmmm.
1970 429 2096 490 389

191 574 242 627 Il
278 574 465 643 perche
506 576 536 626 6
575 575 839 627 sembrato
882 580 1177 644 opportuno
1222 579 1279 630 di
1322 582 1636 650 raccogliere
1678 583 1818 634 nella
1860 593 2097 652 presente

190 661 474 713 istruzione
518 659 568 710 16
608 659 856 710 massime
896 676 925 710 e
967 659 1017 710 16
1060 663 1234 731 regole
1277 664 1371 731 piu
1420 668 1652 731 comuni,
1692 667 1789 719 che
1838 668 2098 738 deggiono

189 745 358 796 aversi
384 746 441 796 in
466 746 605 796 vista
628 744 752 795 nell’
777 762 869 796 uso
896 745 1033 796 della
1058 749 1390 800 menzionata
1421 750 1630 802 facolta.
1704 823 1706 825 ‚

300 861 351 909 2.
404 858 629 927 Ognuno
678 874 752 920 sa,
792 857 889 908 che
937 875 1030 926 per
1078 861 1253 927 regola
1301 864 1543 929 generale
1587 866 1806 917 secondo
1849 866 2099 917 l'odierna

189 943 476 1012 disciplina
518 944 657 995 della
701 942 906 1007 chiesa,
952 946 981 995 e
1024 945 1182 999 lecito
1224 949 1277 998 ai
1318 948 1584 1000 Sacerdoti
1625 952 1680 1001 di
1731 952 1903 1003 offrire
1953 953 1991 1002 11
2043 954 2097 1003 S.

193 1029 468 1098 Sagrificio
492 1046 600 1081 una
633 1029 742 1080 sola
774 1029 920 1081 volta
952 1030 994 1080 il
1027 1032 1226 1098 giorno,
1304 1032 1423 1085 Cosi
1462 1035 1681 1103 dispone
1719 1037 1902 1088 Innoc.
1931 1038 2036 1088 ΙΙΙ.
2055 1038 2095 1089 :¹

187 1120 227 1147 ⁴⁴
246 1115 619 1183 respondemus
668 1115 808 1184 quod
855 1121 1076 1184 excepto
1125 1118 1213 1168 die
1262 1118 1580 1171 Nativitatis
1622 1121 1932 1173 Dominicae
1975 1121 2097 1174 ἠ’ῐεὶ

193 1205 227 1231 “
248 1216 420 1252 causa
467 1199 807 1264 ‘necessitatis
854 1200 1104 1266 suadeat,
1147 1202 1342 1254 sufficit
1391 1204 1660 1257 Sacerdoti
1711 1208 1870 1258 semel
1915 1208 1970 1258 in
2012 1209 2098 1260 die

188 1289 227 1316 '⁴‘
245 1301 409 1336 unam
432 1285 655 1337 Missam
681 1286 1010 1338 solummodo
1043 1287 1346 1339 celebrare.’'

339 1400 388 1450 3.
438 1397 542 1450 Nel
567 1415 685 1451 caso
709 1400 957 1469 adunque
981 1401 1039 1452 di
1063 1402 1322 1452 necessita
1354 1403 1399 1454 si
1435 1408 1699 1471 permette
1735 1406 1786 1455 ai
1826 1404 2093 1457 Sacerdoti

186 1482 432 1535 -d’iterare
456 1483 510 1535 la
532 1484 708 1536 Messa
732 1486 791 1536 in
827 1502 902 1536 un
938 1486 1227 1537 medesimo
1264 1487 1466 1557 giorno.
1543 1487 1636 1540 Cib
1673 1507 1765 1557 per
1801 1490 1936 1541 altro
1972 1492 2100 1542 deve

192 1568 499 1633 intendersi‚
542 1588 690 1622 come
733 1571 922 1623 risulta
965 1572 1322 1624 chiaramente
1365 1575 1455 1625 dai
1495 1576 1712 1625 termini
1763 1576 1914 1626 stessi
1964 1576 2100 1626 delle

95 1703 98 1707 ,
193 1653 455 1718 Formole‚
474 1654 561 1706 del
584 1673 844 1723 permesso
869 1657 925 1708 di
951 1657 1208 1709 celebrare
1232 1658 1337 1710 due
1362 1658 1536 1710 Messe
1561 1659 1809 1723 soltant0,
1829 1661 2099 1730 malgrado

190 1738 247 1789 la
297 1740 507 1809 gravita
554 1741 689 1792 delle
737 1758 892 1793 cause
941 1759 1034 1811 per
1082 1743 1377 1795 celebrame
1425 1761 1500 1794 un
1549 1761 1766 1796 numero
1815 1747 2100 1814 maggiore.

193 1823 538 1877 Domandava
573 1826 615 1877 il
652 1826 889 1878 Prefetto
914 1827 1052 1878 della
1076 1827 1331 1881 Missione
1356 1829 1435 1880 de'
1463 1828 1789 1897 Cappuccini
1814 1830 1870 1880 di
1897 1830 2102 1894 Tunisi,

192 1910 237 1960 si
262 1911 477 1962 essendo
502 1911 639 1961 tutti
665 1912 686 1962 i
711 1911 825 1963 suoi
844 1912 1170 1963 Missionarii
1190 1914 1458 1976 carcerati,
1478 1914 1699 1965 avrebbe
1723 1918 1915 1982 potuto
1940 1915 1998 1964 in
2023 1932 2098 1964 un

121 2032 124 2035 -
193 1997 482 2047 medesimo
506 1996 707 2066 giorn0,
732 1994 785 2047 si
808 1995 1100 2049 necessitas
1125 2003 1338 2066 uryeat,
1365 2000 1659 2052 celebrame
1684 2001 1780 2068 piu
1805 2001 1862 2051 di
1889 2001 2007 2051 due.
2053 2001 2098 2051 E

190 2081 246 2131 'la
272 2080 691 2150 Congregazione
718 2080 973 2132 Generale
998 2083 1055 2133 di
1091 2081 1439 2153 Propaganda
1476 2085 1561 2135 dei
1607 2084 1656 2136 7.
1701 2085 1900 2155 Agosto
1947 2087 2102 2137 1684.

192 2165 447 2217 risolveva
507 2171 540 2197 “
556 2183 663 2216 non
704 2183 854 2234 posse
896 2168 1073 2236 vigore
1122 2169 1442 2220 facultatum
1492 2170 1748 2221 celebrare
1797 2170 1936 2220 ultra
1975 2171 2105 2221 duas

193 2250 430 2302 MissaS.”
504 2251 553 2301 Il
578 2251 675 2302 che
700 2252 832 2302 erasi
857 2253 946 2321 gia
969 2253 1192 2321 risposto
1224 2253 1365 2305 nella
1404 2253 1822 2324 Congregazione
1849 2255 2105 2307 Generale

194 2342 384 2387 tenuta
408 2353 598 2388 coram
623 2334 799 2388 SSmO.
826 2338 878 2388 ai
907 2338 971 2390 17
993 2338 1253 2391 Febbraro
1277 2341 1440 2401 16483
1475 2341 1663 2409 poiche
1683 2346 1889 2410 esposto
1907 2341 2103 2392 l’abuso

187 2422 289 2473 -che
314 2423 445 2472 erasi
469 2413 765 2473 introdotto
788 2439 960 2489 presso
984 2424 1005 2474 i
1042 2422 1313 2475 Sacerdoti
1351 2425 1551 2476 schiavi
1586 2427 1645 2476 in
1682 2426 1862 2495 Algeri
1888 2427 1945 2477 di
1970 2426 2105 2477 cele-

194 2509 338 2559 brare
353 2512 430 2558 tre
445 2508 618 2558 Messe
642 2512 675 2538 ‘⁶
688 2507 883 2559 Ssffius.
902 2509 1108 2577 ..jussit
1125 2527 1218 2578 per
1235 2511 1442 2562 dictum
1462 2511 1794 2561 Praefectum
1811 2509 2105 2580 (Algeriae)

186 2590 470 2657 “praecipi
508 2590 721 2641 nomine
747 2589 1062 2643 Sanctitatis
1099 2609 1225 2657 suae
1263 2592 1630 2644 Sacerdotibus
1655 2630 1669 2644 .
1710 2631 1724 2643 .
1764 2630 1776 2643 .
1803 2594 1942 2661 quod
1980 2611 2103 2644 cum

186 2676 229 2702 ·“
239 2671 396 2723 Sedes
415 2671 717 2738 Apostolica
733 2673 792 2722 in
811 2672 1154 2725 facultatibus
1180 2673 1629 2726 Missionariorum
1653 2679 1975 2742 potestatem
2013 2691 2104 2726 seu

196 2754 512 2804 “licentiam
549 2754 860 2804 concesserit
896 2754 1192 2806 celebrandi
1228 2756 1309 2807 bis
1352 2756 1412 2806 in
1454 2756 1557 2818 die,
1594 2755 1689 2806 ubi
1726 2757 2004 2807 necessitas
2046 2757 2102 2807 id

187 2837 485 2905 ·“exegerit,
507 2851 577 2886 ne
601 2836 846 2903 deinceps
869 2836 1010 2887 ultra
1035 2838 1165 2888 duas
1182 2838 1373 2889 Missas
1391 2837 1702 2890 celebrent.’'
1776 2838 1854 2889 Lo
1873 2843 2035 2890 stesso
2059 2839 2103 2889 si

195 2917 429 2984 ripeteva
451 2916 598 2986 negli
622 2918 750 2967 anni
778 2919 915 2968 1818
942 2935 971 2969 6
1001 2921 1138 2969 1820
1163 2919 1215 2970 61
1239 2919 1477 2971 Prefetto
1495 2920 1799 2988 Apostolico
1817 2921 1873 2971 di
1898 2921 2101 2972 Tunisi.

339 3033 391 3081 4.
441 3030 520 3084 La
533 3032 787 3083 necessita
800 3032 1048 3100 adunque
1069 3034 1098 3083 e
1115 3032 1310 3084 l'unico
1326 3033 1484 3085 titolo
1502 3051 1593 3102 per
1608 3034 1695 3084 cui
1714 3034 1758 3085 si
1773 3035 2104 3085 autorizzano

196 3117 218 3168 i
242 3116 509 3169 Sacerdoti
534 3134 566 3168 a
590 3117 768 3168 binare
792 3117 845 3167 la
869 3116 1060 3169 Messa.
1136 3116 1368 3170 Convien
1386 3119 1509 3186 pero
1528 3136 1782 3170 osservare
1800 3120 1917 3170 anzi
1937 3124 2103 3171 tratto

196 3203 279 3254 601
302 3202 593 3254 Verricelli²
614 3203 710 3254 che
747 3203 920 3255 “haec
943 3204 1224 3255 necessitas
1248 3221 1354 3255 non
1391 3209 1473 3256 est
1509 3206 1832 3256 desumenda
1866 3223 1931 3256 ex
1954 3211 2103 3274 parte

188 3288 448 3356 “inopiae
473 3287 833 3352 Sacerdotum,
852 3289 942 3339 sed
967 3306 1031 3340 ex
1054 3294 1204 3357 part-e
1228 3290 1557 3341 necessitatis
1583 3290 1873 3358 spiritualis
1898 3291 2103 3359 populi,

193 3377 295 3423 “et
303 3374 517 3425 raritate
534 3372 921 3425 Sacerdotum.”
958 3374 1118 3426 Posto
1128 3375 1169 3425 il
1178 3374 1332 3442 quale
1341 3375 1603 3443 principio
1615 3377 1643 3425 6
1652 3376 1866 3444 agevole
1875 3377 2103 3428 ricavare

192 3458 337 3509 ‘varie
358 3458 532 3528 regole
555 3460 805 3527 negative
830 3459 946 3510 sull‘
970 3476 1065 3511 uso
1090 3459 1230 3511 della
1253 3460 1463 3523 facolta‚
1490 3461 1546 3510 di
1571 3461 1656 3511 cui
1683 3461 1727 3511 si
1752 3465 1933 3512 tratta.

639 3608 655 3632 ¹
670 3608 770 3662 Gap.
796 3610 1035 3650 Consului-sti
1055 3609 1106 3650 de
1125 3609 1406 3651 celebratione
1425 3610 1667 3650 Missamm.

485 3673 506 3702 ⁸
526 3674 593 3718 De
610 3677 759 3731 Apost.
778 3677 1054 3719 missionibus
1071 3677 1159 3719 Tit.
1181 3677 1265 3717 IV.
1288 3677 1338 3724 Q.
1362 3679 1413 3718 98
1431 3677 1546 3717 Dub.
1571 3679 1619 3718 18
1638 3690 1682 3718 n.
1706 3679 1798 3719 201.
