2534 4374
519 434 648 492 264
1079 455 1239 496 cose.
1286 455 1448 497 psov.
1495 455 1714 504 wser.
1762 456 1838 497 Ν.

514 616 689 650 veram
741 601 1052 652 felicitatem
1102 604 1159 652 in
1218 601 1455 652 homines
1513 619 1576 651 ex
1631 604 1859 669 augusta
1914 605 2089 651 nostra
2143 601 2412 670 religione,

512 684 731 752 ejusque
770 686 1006 736 doctrina
1046 692 1101 736 et
1140 686 1389 736 exercitio
1427 686 1729 748 redundare,
1767 702 1829 735 ac
1866 685 2083 735 beatum
2112 701 2221 736 esse
2243 702 2414 753 popu-

515 769 646 831 lum,
671 770 819 837 cujus
844 770 1103 821 Dominus
1129 771 1268 821 Deus
1293 771 1443 837 ejus.¹

658 855 855 906 Docete
900 855 1201 908 Catholicae
1240 857 1366 906 fidei
1409 855 1757 906 fundamento
1795 853 1957 922 regna
1997 855 2314 918 subsistere,²
2356 860 2414 906 et

514 939 649 988 nihil
674 944 788 989 tam
813 941 1160 1003 mortiferum,
1190 945 1303 990 tam
1339 955 1584 1006 praeceps
1619 939 1688 989 ad
1726 955 1923 1002 casum,
1962 942 2075 989 tam
2114 939 2413 1006 expositum
2438 979 2446 986 .

511 1024 582 1073 ad
618 1025 797 1075 omnia
835 1025 1086 1092 pericula,
1124 1026 1185 1087 si,
1216 1023 1315 1074 hoc
1349 1023 1518 1074 solum
1542 1023 1693 1073 nobis
1716 1026 1968 1090 putantes
1990 1040 2140 1090 posse
2163 1023 2412 1087 sufficere,

514 1109 654 1174 quod
710 1109 936 1160 liberum
993 1111 1288 1175 arbitrium,
1341 1129 1464 1163 cum
1519 1129 1865 1177 nasceremur,
1912 1114 2228 1182 accepimus,
2273 1114 2414 1166 ultra

501 1191 622 1258 jam
665 1208 696 1241 a
738 1191 966 1243 Domino
1008 1194 1145 1244 nihil
1187 1198 1513 1262 quaeramus,
1553 1196 1610 1246 id
1653 1200 1750 1260 est,
1786 1197 2015 1248 auctoris
2046 1198 2213 1248 nostri
2239 1197 2413 1262 obliti,

513 1275 625 1342 ejus
654 1277 969 1343 potentiam,
994 1283 1058 1328 ut
1088 1296 1182 1330 nos
1214 1281 1551 1331 ostendamus
1584 1280 1790 1344 liberOS,
1824 1281 2164 1348 abjuremus.3
2237 1282 2414 1350 Atque

511 1363 677 1412 etiam
724 1379 793 1413 ne
839 1364 1104 1414 omittatis
1154 1365 1334 1415 docere
1381 1365 1583 1434 regiam
1626 1368 1947 1432 potestatem
1987 1382 2094 1416 non
2135 1367 2204 1417 ad
2245 1367 2414 1418 solum

511 1448 700 1498 mundi
737 1448 993 1516 regimen,
1032 1450 1122 1500 sed
1159 1450 1393 1500 maxime
1426 1451 1493 1500 ad
1529 1450 1794 1502 Ecclesiae
1825 1451 2148 1519 praesidium
2176 1470 2286 1504 esse
2309 1453 2415 1505 col-

511 1533 718 1597 latam‚4
756 1538 813 1585 et
848 1534 984 1584 nihil
1028 1552 1156 1598 esse,
1198 1535 1339 1602 quod
1381 1536 1664 1587 civitatum
1706 1536 2044 1604 Principibus
2085 1542 2142 1589 et
2183 1538 2414 1607 Regibus

510 1620 699 1688 majori
723 1620 919 1671 fructui
943 1620 1242 1689 gloriaeque
1267 1637 1376 1671 esse
1399 1622 1584 1688 possit,
1608 1638 1771 1689 quam
1804 1622 1868 1686 si,
1900 1626 1966 1673 ut
1999 1622 2415 1690 sapientissimus

511 1706 930 1774 fortissimusque
974 1705 1108 1756 alter
1149 1705 1512 1757 Praedecessor
1552 1706 1743 1758 Noster
1778 1707 1832 1759 S.
1873 1707 2028 1759 Felix
2063 1709 2266 1760 Zenoni
2304 1710 2416 1761 Im-

510 1793 737 1858 peratori
762 1791 1131 1859 perscribebat,
1149 1796 1183 1822 ‘⁶
1199 1791 1490 1842 Ecclesiam
1517 1790 1844 1844 Catholicam
1881 1830 1896 1846 .
1947 1831 1961 1845 .
2012 1831 2027 1847 .
2078 1832 2092 1846 .
2129 1796 2309 1846 sinant
2330 1799 2415 1847 uti

509 1877 715 1944 legibus
754 1877 878 1940 suis,
918 1893 1014 1927 nec
1052 1876 1288 1927 libertati
1326 1877 1439 1945 ejus
1463 1894 1782 1945 quemquam
1805 1880 2124 1946 permittant
2147 1881 2413 1932 obsistere.

576 1999 589 2013 .
642 1999 655 2011 .
695 1960 910 2012 Certum
936 1965 1016 2012 est
1041 1962 1185 2012 enim
1210 1961 1308 2012 hoc
1332 1962 1484 2012 rebus
1509 1962 1617 2012 suis
1642 1978 1750 2013 esse
1785 1963 2028 2028 salutare,
2066 1968 2147 2029 ut,
2186 1982 2308 2016 cum
2347 1967 2414 2017 de

505 2048 676 2098 causis
712 2047 812 2098 Dei
845 2051 1053 2116 agatur,
1077 2046 1238 2115 juxta
1270 2047 1438 2114 ipsius
1464 2048 1834 2109 constitutum,
1859 2050 2058 2119 regiam
2082 2050 2414 2102 voluntatem

508 2132 873 2183 Sacerdotibus
899 2129 1095 2183 Christi
1122 2131 1372 2182 studeant
1397 2132 1632 2195 subdere,
1657 2149 1763 2184 non
1787 2134 2119 2201 praeferre.”⁶

652 2217 757 2269 Sed
800 2217 844 2268 si
887 2234 1108 2285 semper,
1150 2217 1484 2268 Venerabiles
1528 2218 1753 2282 Fratres,
1795 2236 1937 2270 nunc
1977 2220 2315 2287 potissimum
2354 2222 2413 2272 in

506 2304 672 2354 tantis
730 2303 996 2354 Ecclesiae
1053 2301 1328 2370 civilisque
1382 2303 1647 2354 societatis
1697 2304 2108 2369 calamitatibus,
2155 2306 2214 2355 in
2260 2309 2413 2357 tanta

503 2389 917 2440 adversariorum
973 2391 1155 2438 contra
1209 2404 1321 2438 rem
1378 2388 1695 2439 catholicam
1752 2393 1810 2440 et
1863 2388 1999 2440 hanc
2054 2389 2412 2458 Apostolicam

507 2474 698 2526 Sedem
731 2474 1116 2541 conspiratione
1147 2476 1404 2541 tantaque
1428 2491 1657 2524 errorum
1681 2475 1940 2544 congerie,
1963 2491 2171 2526 necesse
2195 2475 2412 2526 omnino

503 2564 604 2622 est,
628 2563 693 2610 ut
716 2559 965 2609 adeamus
990 2575 1114 2608 cum
1137 2558 1334 2609 fiducia
1366 2559 1434 2609 ad
1473 2559 1725 2610 thronum
1763 2559 1983 2627 gratiae,
2022 2563 2087 2610 ut
2123 2561 2413 2611 misericor-

506 2646 652 2695 diam
677 2661 1071 2712 consequamur,
1096 2648 1151 2694 et
1176 2644 1405 2713 gratiam
1437 2644 1769 2694 inveniamus
1793 2644 1852 2693 in
1876 2644 2075 2695 auxilio
2099 2649 2409 2713 opportuno,

504 2731 759 2791 Quocirca
784 2731 1025 2780 omnium
1049 2729 1290 2780 fidelium
1319 2729 1579 2796 pietatem
1616 2729 1844 2780 excitare
1876 2730 2313 2793 existimavimUS,
2347 2735 2411 2780 ut

504 2834 613 2867 una
654 2816 944 2867 Nobiscum
985 2814 1250 2881 Vobisque
1292 2813 1765 2864 clementissimum
1806 2814 2072 2865 luminum
2112 2819 2168 2866 et
2209 2816 2411 2866 miseri-

505 2903 801 2954 cordiarum
851 2900 1067 2950 Patrem
1111 2899 1510 2949 ferventissimis
1553 2898 1975 2966 humillimisque
2015 2900 2258 2967 precibus
2299 2902 2410 2951 sine

507 2987 892 3038 intermissione
917 2989 1081 3047 orent,
1107 2988 1164 3035 et
1188 2984 1474 3046 obsecrent,
1501 2988 1555 3035 et
1588 2985 1645 3035 in
1677 2984 2012 3051 plenitudine
2049 2984 2172 3035 fidei
2212 3001 2411 3053 semper

505 3068 822 3138 confugiant
845 3068 914 3118 ad
937 3066 1229 3117 Dominum
1254 3066 1506 3116 Nostrum
1531 3065 1567 3116 J
1568 3083 1714 3116 esum
1751 3065 2036 3128 Christum,
2068 3066 2161 3133 qni
2185 3067 2411 3117 redemit

507 3173 603 3206 nos
636 3155 747 3205 Deo
784 3155 843 3204 in
879 3153 1137 3220 sanguine
1173 3169 1284 3216 sUO,
1322 3151 1555 3219 Ejusque
1594 3151 1959 3202 dulcissimum
1995 3151 2091 3203 Cor
2114 3151 2408 3219 flagrantis-

506 3242 671 3293 simae
696 3256 819 3309 erga
841 3256 936 3290 nos
973 3237 1210 3289 caritatis
1246 3236 1523 3287 victimam
1563 3237 1714 3286 enixe
1741 3236 2049 3305 jugiterque
2083 3240 2311 3300 exorent,
2347 3239 2412 3286 ut

1310 3388 1326 3414 ¹
1349 3390 1504 3430 Psalm.
1528 3392 1618 3430 143.

743 3457 817 3502 ³28.
839 3460 1014 3502 Caelest.
1037 3459 1159 3512 epist.
1182 3461 1248 3499 22.
1270 3458 1325 3499 ad
1342 3457 1500 3510 Synod.
1522 3458 1678 3510 Ephes.
1700 3457 1813 3509 apud
1832 3457 1977 3498 Const.
1999 3470 2042 3509 p.
2069 3460 2185 3498 120οζ

619 3534 640 3557 ⁸
662 3529 706 3570 S.
728 3528 947 3569 Innocent.
968 3527 1007 3566 Ι.
1028 3525 1148 3579 epist.
1170 3526 1235 3565 29.
1257 3524 1325 3565 ad.
1345 3524 1486 3576 Episc.
1506 3536 1621 3564 conc.
1645 3524 1843 3576 Carthag.
1864 3523 1978 3576 apud
1995 3524 2137 3565 Const.
2158 3537 2200 3577 p.
2225 3527 2317 3565 891.

1114 3594 1135 3616 ¹
1157 3593 1201 3633 S.
1223 3593 1322 3642 Leo,
1346 3592 1486 3644 Epist.
1512 3593 1602 3632 156.
1624 3591 1679 3632 al.
1706 3592 1796 3631 125.

891 3658 995 3699 Pius
1012 3658 1115 3698 VII.
1138 3656 1275 3710 Epist.
1297 3655 1473 3709 Encycl.
1496 3656 1584 3696 Diu
1602 3657 1712 3695 satis.
1738 3656 1801 3695 15.
1823 3653 1949 3708 Maji,
1974 3656 2091 3696 1800.
