2534 4374
392 469 480 528 56
985 483 1145 525 coNc.
1191 482 1362 526 PRov.
1406 482 1628 525 WEs'rM.
1672 484 1716 527 1.

392 641 624 692 maximo
668 639 846 690 studio
889 637 1159 698 conferat3
1199 635 1669 687 Eminentissimus
1711 653 1773 688 ac
1815 637 2298 692 Reverendissimus

393 726 652 776 Dominus
698 724 751 776 S.
778 724 843 775 R.
879 724 943 774 E.
981 721 1272 774 Cardinalis
1296 721 1348 771 N
1350 721 1549 772 icolaus
1581 721 1851 773 Wiseman
1887 723 2301 794 Achiepiscopus

392 808 962 862 Westmonasteriensis
998 824 1059 858 ac
1097 806 1211 857 RR.
1255 805 1365 856 ΡΡ.
1408 805 1524 856 DD.
1564 806 1791 875 Angliae
1834 808 2086 878 Episcopi
2115 816 2301 862 votum

394 913 547 946 suum
587 894 642 946 S.
689 893 745 945 G.
780 895 1115 960 aperuerunt,
1151 895 1215 940 ut
1246 889 1558 958 Capitulum
1599 889 1928 957 Cathedrale,
1971 895 2114 962 quod
2141 895 2302 963 juxta

396 985 632 1030 tenorem
657 978 982 1028 Litterarum
1008 975 1432 1043 Apostolicarum
1457 975 1545 1026 die
1584 975 1651 1027 19
1689 975 2002 1029 Novembris
2044 982 2182 1031 1850
2205 998 2300 1048 pro

391 1068 679 1115 memorata
703 1063 940 1113 Ecclesia
964 1063 1183 1112 unicum
1209 1061 1367 1111 modo
1393 1077 1502 1119 esse
1526 1061 1702 1125 debet,
1744 1078 1809 1112 ex
1850 1064 1966 1131 ipso
2008 1066 2303 1118 monastico

394 1149 642 1217 Capitulo
699 1147 1123 1216 congregationis
1189 1145 1771 1215 Anglo-Benedictinae
1819 1149 1877 1198 in
1934 1148 1988 1199 N
1989 1152 2298 1217 ewportensi

391 1232 519 1282 urbe
568 1229 939 1280 constituendo
988 1227 1265 1290 efficiatur,
1313 1227 1498 1278 addita
1546 1229 1712 1279 etiam
1761 1229 2017 1282 facultate
2066 1231 2302 1300 eligendi

392 1315 649 1363 minorem
673 1327 952 1362 numerum
979 1308 1388 1377 Capitularium,
1413 1311 1459 1361 si
1483 1312 1670 1362 statim
1696 1312 1879 1363 decem
1894 1313 2056 1380 juxta
2091 1313 2300 1368 litteras

393 1394 720 1461 Apostolicas
744 1392 925 1442 haberi
949 1395 1231 1458 nequeant.

429 1481 508 1531 Re
531 1485 713 1530 autem
747 1477 1015 1546 proposita
1055 1478 1115 1527 in
1157 1477 1391 1546 generali
1440 1477 1496 1530 S.
1542 1477 1975 1550 congregationis
2017 1487 2300 1547 conventu,

394 1567 577 1617 habito
603 1565 687 1615 die
713 1566 744 1615 5
771 1563 968 1631 Aprilis
1010 1563 1167 1626 1852,
1203 1564 1555 1632 omnibusque
1597 1568 1702 1618 rite
1734 1569 2020 1634 perpensiS,
2045 1568 2304 1620 Eminen-

395 1651 590 1702 tissimi
637 1650 820 1700 Patres
868 1649 1210 1699 annuendum
1259 1656 1592 1715 censuerunt,
1639 1668 1702 1702 ea
1750 1656 1933 1702 tamen
1978 1654 2182 1704 ratione
2238 1658 2304 1705 ut

394 1738 664 1805 integrum
685 1734 809 1786 Sedi
828 1733 1163 1802 Apostolicae
1178 1733 1271 1801 jus
1293 1739 1510 1786 maneat
1534 1736 1768 1806 eligendi
1786 1737 2111 1805 Episcopum
2137 1738 2304 1790 etiam

394 1826 541 1872 extra
588 1819 886 1882 monachOS,
933 1819 1141 1886 quoties
1188 1820 1471 1871 necessitas
1519 1825 1616 1872 aut
1663 1821 1876 1872 utilitas
1923 1823 1982 1872 id
2029 1823 2301 1891 requirat3

395 1908 825 1975 Archiepiscopus
849 1922 969 1956 vero
994 1909 1050 1955 et
1073 1904 1344 1973 Episcopi,
1380 1907 1580 1957 auditis
1605 1907 1957 1975 superioribus
1981 1901 2304 1960 memoratae
2357 1944 2360 1948 -

395 1991 833 2061 congregationis,
866 1991 1272 2040 instructionem
1311 1989 1692 2042 conficiendam
1731 1996 1917 2043 curent
1941 1991 1996 2044 S.
2021 2010 2305 2064 congrega-

396 2078 557 2128 tionis
606 2075 838 2126 examini
886 2074 1077 2124 deinde
1125 2074 1528 2141 subjiciendam,
1571 2079 1638 2126 ut
1679 2093 1815 2144 quae
1862 2079 2160 2145 generatim
2207 2096 2303 2146 pro

395 2162 652 2231 regimine
676 2160 1031 2211 Ecclesiamm
1049 2159 1274 2228 Angliae
1299 2161 1719 2225 constituuntur,
1744 2162 2012 2214 Ecclesiae
2053 2163 2108 2214 N
2107 2181 2304 2232 ewpor-

396 2247 535 2298 tensi
559 2250 615 2296 et
638 2245 979 2306 Meneviensi,
1003 2244 1206 2294 indulti
1242 2244 1403 2312 hujus
1426 2245 1632 2297 ratione
1656 2247 1858 2311 habita,
1881 2249 2056 2314 aptari
2078 2249 2301 2316 possint.

539 2332 695 2382 Hanc
756 2347 875 2380 vero
941 2328 996 2381 S.
1063 2327 1497 2399 Congregationis
1565 2332 1887 2383 sententiam
1955 2331 2303 2385 Sanctissimo

396 2418 623 2468 Domino
647 2415 837 2466 Nostro
862 2414 961 2465 Pio
985 2414 1163 2482 Papae
1189 2415 1273 2464 IX
1296 2415 1519 2466 relatam
1548 2417 1616 2468 ab
1652 2417 1987 2485 infrascripto
2027 2419 2302 2470 secretario

396 2505 456 2554 in
504 2501 775 2552 audientia
822 2500 930 2550 diei
980 2499 1013 2550 6
1061 2500 1297 2568 ejusdem
1339 2503 1532 2553 mensis
1581 2506 1638 2553 et
1686 2504 1833 2567 anni,
1880 2503 2150 2554 Sanctitas
2194 2502 2302 2555 Sua

398 2588 626 2656 benigne
654 2587 714 2636 in
750 2586 994 2636 omnibus
1036 2586 1282 2653 probavit
1323 2603 1385 2637 ac
1426 2591 1599 2638 ratam
1641 2587 1832 2639 habuit
1860 2588 2022 2657 juxta
2064 2592 2300 2639 tenorem

399 2673 634 2740 superius
682 2670 1001 2738 expositum,
1056 2671 1328 2722 contrariis
1393 2671 1815 2743 quibuscumque
1879 2672 2023 2724 haud
2088 2672 2302 2724 obstan-

396 2759 559 2822 tibus,
583 2759 685 2807 etc.

541 2841 761 2905 Datum,
785 2843 906 2904 etc„
931 2841 998 2890 21
1026 2840 1242 2908 Aprilis,
1273 2843 1427 2892 1852.

1437 2925 1523 2977 Al.
1561 2925 1842 2992 BARNABo,
1867 2924 2223 2980 secretarius.

1286 3159 1405 3222 VI.

743 3302 844 3358 DE
903 3304 1272 3358 ECCLESIIS
1334 3303 1956 3360 CATHEDRALIBUS.

906 3450 1028 3490 nnc.
1066 3451 1110 3490 s,
1147 3450 1309 3490 cone.
1341 3450 1422 3495 ,nn
1456 3451 1610 3490 PROP.
1647 3452 1795 3492 Fron.

546 3567 816 3620 Restituta
874 3570 934 3620 in
980 3569 1174 3639 Anglia
1227 3586 1387 3638 regno
1441 3571 1726 3639 episcopali
1772 3573 2098 3638 Hierarchia,
2152 3575 2294 3628 datis

394 3671 612 3722 *quoque
630 3654 944 3720 Apostolicis
964 3655 1182 3706 Litteris
1198 3671 1292 3721 pro
1315 3656 1575 3706 erectione
1600 3655 1964 3724 Capitulorum
1990 3657 2295 3710 Cathedral-

392 3738 537 3799 uim,
576 3735 906 3787 Cathedrales
929 3737 1195 3787 Ecclesiae
1226 3754 1319 3804 pro
1342 3737 1723 3789 Archidioecesi
1747 3740 2291 3795 westmonasteriensi
