2534 4374
966 490 1209 533 APPEND.
1257 492 1293 533 1.
1941 479 2059 536 125

319 633 369 684 6.
419 633 503 684 An
547 634 838 704 Episcopus
881 637 1072 687 habeat
1122 637 1400 689 facultates
1444 640 1690 708 speciales
1740 658 1768 690 a
1821 641 1871 690 S.
1919 642 2069 702 Sede,

153 724 232 771 ‘et
258 734 404 786 quas·

320 803 369 854 7.
419 804 502 855 An
527 805 718 856 habeat
742 806 942 857 reditus
967 809 1216 875 proprios,
1240 815 1367 876 quot
1395 816 1445 859 et
1477 811 1529 859 in
1557 828 1660 878 quo
1693 812 1997 861 consistant.

318 891 367 940 8.
420 888 809 941 Enumerentur
824 892 936 942 loca
955 892 1220 956 dioecesiS,
1237 899 1291 943 et
1308 911 1485 945 eorlun
1503 898 1787 964 respective
1801 897 2070 946 distantia.

319 975 369 1025 9.
421 972 642 1034 Quando
658 976 893 1026 visitatio
908 978 1157 1028 dioecesis
1174 979 1333 1029 fuerit
1353 986 1580 1047 peracta,
1597 998 1725 1031 num
1746 982 1811 1032 ad
1834 981 2072 1031 tramites

175 1060 479 1128 praescript.
510 1062 897 1112 canonicarum.

324 1147 407 1196 10.
458 1144 679 1205 Quando
730 1148 1067 1213 provincialis
1127 1164 1188 1200 ac
1250 1150 1551 1202 dioecesana
1613 1151 1812 1219 Synodi
1878 1153 2073 1203 fuerint,

176 1231 407 1282 habitae.

326 1318 407 1366 11.
458 1316 541 1366 An
566 1333 659 1384 pro
685 1317 932 1366 exercitio
949 1317 1336 1384 jurisdictionis
1361 1318 1540 1386 aliqua
1566 1321 1818 1372 inferatur
1838 1322 2078 1373 molestia

157 1403 246 1454 -ab
270 1401 546 1470 Episcopis
568 1401 831 1452 finitimis·

326 1489 408 1538 12.
459 1487 543 1538 An
568 1487 760 1538 habeat
787 1486 1115 1555 Capitulum,
1141 1494 1196 1539 et
1219 1506 1283 1539 ex
1307 1495 1437 1556 quot
1463 1490 1728 1541 canonicis
1751 1496 1969 1543 constet.

328 1574 409 1625 13.
461 1573 546 1623 An
570 1573 749 1624 adsint
773 1574 1116 1641 praebendae,
1142 1579 1197 1625 et
1226 1592 1378 1642 quae.

327 1660 411 1709 14.
462 1657 627 1718 Quale
663 1659 939 1709 servitium
977 1663 1244 1726 praestent
1280 1661 1517 1710 canonici
1556 1660 1876 1712 cathedrali:
1922 1667 1977 1711 et
2013 1678 2079 1711 an

162 1744 345 1794 *etiam
371 1743 663 1812 fungantur
686 1759 901 1794 munere
926 1742 1138 1810 parochi
1164 1744 1220 1794 in
1247 1744 1375 1795 locis
1399 1745 1664 1795 dioecesis.

333 1829 414 1879 15.
465 1828 550 1878 An
574 1828 839 1878 resideant
863 1828 1005 1879 intra
1029 1827 1161 1878 fines
1187 1829 1477 1895 parochiae.

331 1913 412 1965 16.
465 1912 548 1962 An
575 1929 628 1962 se
654 1913 993 1963 immisceant
1016 1913 1073 1963 in
1112 1914 1370 1981 regimine
1398 1913 1682 1977 Ecclesiae,
1706 1921 1762 1965 et
1785 1915 2084 1982 impediant

186 1997 406 2050 liberam
422 1997 853 2066 jurisdictionem
880 1998 1148 2066 Episcopi.

332 2081 415 2134 17.
465 2082 548 2133 An
585 2083 779 2133 habeat
816 2083 1175 2146 seminarium,
1209 2088 1265 2133 et
1306 2084 1428 2134 ubi:
1468 2089 1599 2151 quot
1627 2084 1849 2151 juvenes
1886 2085 2085 2135 ibidem

167 2168 413 2232 alantur,
438 2173 494 2218 et
517 2168 710 2235 quibus
735 2168 926 2219 studiis
952 2173 1155 2219 vacent.

335 2255 418 2304 18.
468 2252 615 2303 Num
655 2250 880 2303 Concilii
917 2252 1216 2304 Tridentini
1256 2254 1467 2323 regulae
1505 2254 1642 2305 circa
1675 2255 1952 2305 seminaria
1987 2272 2087 2305 ser-

187 2345 393 2392 ventur.

336 2427 417 2476 19.
467 2424 551 2474 An
577 2423 653 2474 ibi
678 2423 856 2474 adsint
881 2424 1112 2491 parochi,
1140 2425 1223 2476 vel
1260 2426 1632 2476 tantummodo
1663 2425 1927 2492 simplices
1963 2426 2090 2474 mis-

189 2512 418 2563 sionarii.

332 2600 418 2648 20.
468 2598 552 2648 An
575 2597 789 2665 parochi
816 2597 923 2647 sint
948 2596 1208 2664 perpetui,
1233 2595 1315 2646 vel
1351 2596 1419 2646 ad
1455 2599 1647 2645 nutum
1687 2594 2009 2656 amovibile8‚
2033 2603 2087 2643 et.

169 2700 258 2735 --an
282 2683 503 2734 Missam
530 2682 795 2734 celebrent
820 2682 968 2732 festis
994 2681 1177 2731 diebus
1202 2698 1295 2748 pro
1320 2680 1531 2748 populo,

334 2767 420 2816 21.
469 2765 554 2815 An
578 2764 845 2833 eligantur
868 2764 936 2814 ab
961 2763 1239 2831 Episcopo.

333 2852 419 2901 22.
470 2848 612 2910 Quot
654 2848 764 2898 sint
805 2847 1111 2915 parochiae:
1164 2863 1232 2896 an
1273 2847 1330 2896 in
1371 2847 1446 2897 eis
1486 2851 1716 2897 servetur
1752 2846 2088 2896 Sacrosancta

194 2933 544 2997 Eucharistia,
572 2938 626 2984 et
651 2951 774 2984 cum
800 2950 905 3001 qua
930 2933 1190 2983 decentia.

336 3021 423 3071 23.
472 3019 557 3069 An
582 3018 812 3069 habeant
831 3017 961 3068 fines
980 3022 1164 3079 certos,
1184 3022 1240 3067 et
1258 3017 1523 3083 propriam
1548 3015 1847 3066 ecclesiamx
1888 3020 1942 3065 et
1960 3022 2091 3081 quot

173 3104 423 3172 *capenae
447 3104 790 3155 inveniantur
814 3103 872 3152 in
898 3102 1145 3152 districtu
1170 3100 1582 3168 uniuscujusque
1607 3099 1896 3167 parochiae.

336 3191 423 3240 24.
471 3189 557 3239 An
593 3188 803 3255 aliquae
835 3187 1112 3255 parochiae
1155 3188 1264 3238 sint
1305 3187 1549 3237 addictae
1585 3186 1852 3236 ordinibus
1889 3184 2091 3251 regula-

192 3275 354 3338 ribus,
378 3279 434 3325 et
458 3274 668 3342 quibus.

292 3404 294 3407 ,
338 3361 423 3411 25.
474 3360 558 3410 An
603 3358 816 3426 parochi
853 3357 1084 3409 habeant
1121 3356 1428 3418 sacerdoteS,
1473 3355 1566 3422 qui
1609 3371 1695 3405 eos
1743 3353 1997 3421 adjuvent
2034 3353 2088 3403 iu

176 3458 317 3493 <zara
341 3443 655 3493 animarum.

338 3528 424 3580 26.
471 3527 815 3595 Exprimatur
851 3541 1113 3586 numeruS,
1139 3527 1195 3573 et
1218 3522 1446 3589 qualitas
1485 3519 1873 3590 Catholicorum
1902 3518 1957 3567 in
1984 3518 2090 3567 sin-

192 3614 337 3685 gulis
361 3613 656 3682 quibusque
681 3610 810 3660 locis
834 3609 1163 3677 degentium.

342 3698 428 3750 27.
478 3697 562 3746 An
588 3695 697 3745 sint
735 3699 792 3744 et
830 3709 935 3761 quo
974 3707 1191 3742 numero
1230 3688 1433 3740 scholae
1470 3686 1759 3737 catholicae
1796 3691 1850 3735 et
1882 3691 2009 3752 quot
2037 3686 2090 3733 in

186 3784 267 3835 >„iis
304 3782 672 3834 instituantur.
