2534 4374
983 490 1265 534 DEcRmA.
1953 472 2075 538 173

314 642 361 693 Ι.
406 640 466 693 Si
517 638 778 692 Catholici
820 639 1136 691 contermini
1180 639 1258 690 ita
1302 639 1530 707 proximi
1575 638 1774 689 fuerint
1818 638 2084 689 Ecclesiae

165 727 387 779 alterius
410 725 735 788 Dioeceseos,
760 730 824 776 ut
848 725 916 776 ad
942 723 1093 776 illam
1119 723 1390 777 confluant
1416 741 1509 793 pro
1537 722 1739 777 Officiis
1778 722 1990 775 Divinis
2030 729 2086 774 et

174 811 631 865 Sacramentorum
673 810 1118 878 frequentatione,
1157 810 1313 878 eique
1353 809 1706 879 eleemosynas
1747 826 1865 861 suas
1896 809 2086 877 elargi-

174 901 350 959 antur,
394 895 641 946 censendi
686 899 812 946 sunt
856 894 1032 945 eidem
1075 894 1247 945 veluti
1289 894 1562 962 adscripti,
1605 895 1968 946 consentiente
1996 912 2087 945 suo

177 981 471 1044 Ordinari0,
505 980 599 1049 qui
641 979 911 1032 Sacerdoti
950 979 1098 1031 illius
1141 979 1413 1031 Missionis
1451 980 1763 1031 necessarias
1805 979 2088 1031 facultates

176 1067 530 1135 impertietur.
606 1066 717 1117 Iste
760 1070 891 1117 tunc
935 1064 1218 1117 habebitur
1257 1081 1351 1133 pro
1394 1081 1574 1116 eorum
1614 1064 1966 1128 MissionariO,
1996 1067 2089 1133 qui

177 1156 391 1205 tenetur
433 1168 518 1204 eos
557 1152 774 1203 visitare
799 1155 856 1202 et
879 1151 1156 1214 instruere,
1180 1167 1243 1201 ac
1267 1152 1495 1219 aegrotis
1519 1150 1758 1204 assistere
1778 1167 1794 1212 3
1831 1150 1911 1202 ita
1936 1155 2000 1202 ut
2024 1151 2091 1202 de

178 1239 413 1307 ipsorum
438 1237 609 1288 salute
634 1236 958 1289 conscientia
983 1253 1077 1287 sua
1103 1239 1363 1288 oneretur.

468 1322 663 1391 Itaque

328 1416 378 1468 1.
427 1415 681 1484 Episcopi
706 1414 938 1468 confines
963 1415 1166 1484 aliquos
1192 1414 1438 1467 definitos
1468 1414 1673 1467 limites
1716 1415 1784 1467 de
1822 1418 2096 1467 communi

174 1518 437 1555 consensu
478 1502 604 1553 huic
637 1502 1148 1553 extra-dioecesanae
1187 1501 1485 1552 animarum
1527 1518 1681 1552 curae
1723 1502 2096 1569 praescribent,

183 1589 325 1640 intra
349 1604 480 1656 quos
505 1587 641 1638 dicti
667 1587 948 1638 sacerdotis
972 1586 1331 1637 ministerium
1358 1585 1584 1636 exerceri
1609 1585 1785 1638 debet.

329 1679 381 1727 2.
432 1674 695 1728 Catholici
737 1676 879 1728 intra
921 1675 1016 1727 hos
1059 1674 1309 1726 terminos
1353 1675 1605 1743 degentes
1647 1676 1999 1728 inscribentur
2040 1678 2098 1727 in

184 1761 319 1814 libro
363 1766 535 1813 status
574 1762 872 1813 animarum
913 1760 1184 1813 Ecclesiae
1226 1760 1315 1811 cui
1361 1761 1436 1811 sic
1479 1761 1808 1814 addicentur.
1899 1761 2099 1813 Eorum

187 1846 529 1916 baptismata,
553 1847 897 1899 matrimonia
921 1850 975 1897 et
1002 1846 1241 1897 decessus
1265 1846 1325 1895 in
1348 1845 1496 1896 libris
1521 1846 1828 1913 respectivis
1863 1848 1908 1916 ej
1915 1848 2101 1898 usdem

187 1933 291 1984 loci
311 1933 683 1996 inscribentur,
708 1934 951 2002 apposito
976 1932 1193 1983 nomine
1218 1931 1543 1994 DioeceseOS,
1569 1948 1673 1998 quo
1716 1936 1925 1983 constet
1962 1932 2103 2000 ipsos

187 2017 493 2070 Dioeceseos
518 2019 726 2069 vicinae
751 2017 991 2069 subditos
1009 2017 1187 2080 fuisse,
1205 2016 1250 2067 si
1274 2016 1562 2084 aliquando
1588 2017 1723 2068 forte
1738 2017 1806 2068 ab
1826 2016 2103 2069 Ordinatio

190 2102 321 2155 fides
345 2120 410 2155 ex
433 2103 508 2154 eis
532 2107 800 2154 extractae
825 2100 1172 2154 verificandae
1204 2101 1420 2152 fuerint.

338 2194 388 2244 3.
439 2192 543 2245 Sed
585 2192 797 2244 indulta
840 2191 1319 2262 quadragesimalia
1367 2195 1424 2242 et
1467 2190 1573 2242 alia
1611 2208 1748 2259 quae
1790 2192 1990 2244 directe
2038 2194 2106 2244 ab

193 2278 472 2332 Ordinario
497 2278 800 2347 dependent
824 2278 909 2329 vel
933 2278 1269 2346 proveniunt,
1295 2277 1400 2345 ipsi
1439 2276 1508 2328 ab
1547 2294 1609 2328 eo
1650 2279 1912 2346 recipient
1950 2282 2008 2330 et
2046 2295 2108 2330 ea

195 2354 580 2417 observabunt:
618 2380 755 2432 quae
788 2364 968 2415 omnia
994 2362 1244 2415 Sacerdos
1267 2364 1360 2431 qui
1385 2379 1566 2415 eorum
1590 2380 1770 2415 curam
1794 2364 1957 2416 habet
1980 2365 2108 2433 ipsis

193 2451 583 2502 communicare
631 2450 920 2502 tenebitur.
1019 2449 1096 2500 Et
1138 2449 1214 2500 sic
1253 2449 1451 2517 pariter
1505 2450 1709 2501 moneri
1770 2450 1982 2513 debent,
2044 2454 2109 2500 ut

190 2535 430 2587 collectis
454 2534 788 2586 Dioecesanis
813 2551 906 2602 pro
931 2535 1040 2587 suis
1058 2534 1258 2586 viribus
1284 2534 1643 2599 contribuant,
1661 2534 1767 2586 nisi
1792 2535 1947 2586 aliter
1970 2537 2109 2586 inter

198 2638 253 2673 se
278 2621 621 2673 convenerint
645 2620 914 2688 Episcopi.

340 2714 420 2765 ΙΙ.
471 2712 530 2765 Si
554 2730 674 2764 vero
698 2713 913 2782 longius
938 2716 1327 2764 commorentur
1350 2713 1419 2766 ab
1442 2716 1668 2782 utraque
1687 2713 1925 2765 Ecclesia
1947 2731 2108 2782 quam

198 2804 263 2852 ut
285 2799 490 2868 possint
514 2799 599 2850 vel
623 2799 719 2850 uni
744 2798 830 2849 vel
862 2798 1018 2850 alteri
1059 2799 1447 2851 rationabiliter
1489 2800 1698 2863 ascribi,
1737 2815 1909 2867 neque
1947 2816 2110 2851 unam

198 2901 370 2953 neque
408 2883 631 2935 alteram
671 2884 1001 2951 frequentare
1044 2884 1318 2935 commode
1342 2884 1566 2952 possint,
1592 2888 1723 2935 tunc
1751 2885 2002 2952 Episcopi
2027 2885 2109 2935 illi

197 2969 473 3022 Sacerdoti
498 2986 583 3019 eos
608 2968 907 3019 attribuent
933 2970 1199 3019 communi
1230 2969 1451 3020 consilio
1476 2970 1566 3020 cui
1605 2969 1798 3020 melius
1823 2974 1879 3020 et
1903 2970 2111 3021 facilius

194 3059 473 3123 competat
496 3054 703 3105 illoram
729 3071 872 3117 cura,
897 3055 1083 3106 habita
1107 3055 1346 3116 ratione3

350 3145 399 3193 1.
449 3141 678 3194 Coeteris
720 3142 953 3209 paribus,
997 3143 1287 3193 distantiae
1329 3142 1581 3194 relativae
1629 3142 1733 3193 loci
1780 3143 1849 3194 ab
1890 3147 2112 3211 utroque

204 3228 553 3291 MissionariO,
593 3228 754 3295 juxta
801 3227 1041 3296 regulam
1095 3229 1155 3278 in
1206 3227 1416 3296 Synodo
1465 3228 1512 3280 I.
1561 3228 2111 3281 westmonasteriensi

197 3313 575 3366 constitutam.
651 3311 805 3382 (Cap.
831 3312 945 3364 xiii.
977 3311 1053 3380 5).

351 3414 401 3462 2.
453 3409 728 3462 Commodi
771 3427 864 3478 pro
902 3411 1113 3474 itinere,
1154 3411 1325 3462 veluti
1358 3410 1403 3461 si
1429 3427 1493 3461 ex
1518 3427 1625 3461 una
1649 3414 1799 3478 parte
1823 3412 1910 3462 via
1934 3412 2113 3476 ferrea,

206 3497 292 3549 vel
315 3495 593 3564 publicum
617 3496 759 3564 quod
783 3496 940 3564 ajunt
963 3495 1286 3559 vehiculum,
1311 3496 1379 3546 ad
1404 3495 1579 3546 locum
1605 3495 1671 3545 de
1695 3512 1800 3563 quo
1825 3497 2006 3564 agitur
2029 3497 2114 3548 vel

198 3583 322 3651 -ejus
346 3581 596 3633 viciniem
620 3581 912 3650 pertingat,
937 3597 1060 3631 cum
1087 3582 1160 3631 sic
1195 3581 1436 3648 quamvis
1479 3580 1682 3649 longior
1724 3581 1797 3631 sit
1838 3582 2111 3645 distantia,

206 3667 366 3719 facile
393 3668 494 3718 erit
518 3667 726 3718 brevius
751 3668 870 3718 iter.

356 3767 406 3817 3.
454 3764 811 3829 valetudinis,
830 3765 1021 3817 aetatis
1047 3769 1103 3816 et
1126 3765 1320 3817 roboris
1345 3764 1760 3834 uniuscujusque
1786 3762 2109 3818 Sacerdotis:
