2534 4374
1071 524 1345 567 Dncams.
2073 511 2153 572 23

262 666 424 717 fidem
464 667 811 719 confessiones
853 667 1120 737 generales
1167 686 1273 720 non
1313 676 1437 721 sunt
1479 672 1546 723 ad
1596 673 1908 725 diuturnum
1950 680 2162 742 ternpus

264 751 666 819 protrahendae3
704 752 794 803 sed
819 752 863 803 si
891 753 1020 803 satis
1043 753 1291 805 instructi
1316 756 1672 820 inveniantur,
1688 764 1744 809 et
1770 759 1968 810 sincero
1993 760 2161 811 cordis

259 835 440 887 dol’ore
463 838 597 887 tacti
623 838 834 888 veniam
858 843 1066 906 petant,
1088 855 1205 890 eam
1230 840 1634 894 misericorditer
1671 844 1798 911 ipsis
1824 846 2162 912 impertiatur

264 919 365 971 Dei
407 921 810 973 clementissimi
858 923 1115 974 minister.
1189 923 1340 984 Quod
1389 926 1434 976 si
1471 927 1537 978 de
1573 927 1868 980 rudioribus
1904 930 2162 980 conversis

260 1006 472 1071 agatur,
518 1004 660 1072 ipsos
706 1003 837 1054 bene
896 1003 1088 1055 instrui
1148 1011 1314 1070 curet,
1373 1011 1660 1075 antequam
1708 1010 1775 1060 ad
1826 1008 2163 1061 Sacramenta

263 1088 539 1139 admittat.

411 1174 514 1226 Sed
557 1176 721 1227 etiam
770 1173 1055 1226 catholicos
1103 1192 1233 1243 quos
1282 1177 1582 1245 ignorantes
1630 1179 2032 1247 deprehenderit
2081 1179 2163 1230 vel
2240 1209 2247 1219 ·

266 1262 559 1329 suspicatus
585 1261 762 1323 fuerit,
788 1259 1072 1327 diligenter
1096 1261 1162 1311 de
1186 1263 1451 1329 mysteriis
1476 1263 1599 1314 fidei
1637 1265 1940 1334 interroget,
1978 1271 2034 1316 et
2058 1281 2163 1315 non

266 1347 371 1398 nisi
396 1348 523 1398 satis
555 1347 840 1397 instructos
876 1346 1099 1397 ulterius
1136 1347 1406 1413 procedere
1444 1349 1600 1400 sinat.
1675 1350 1948 1401 Praeterea
1984 1350 2166 1417 hujus-

267 1432 414 1483 modi
456 1432 713 1494 homines,
757 1436 813 1482 et
860 1447 1048 1498 pueros
1092 1431 1421 1498 praesertim,
1477 1434 1619 1500 aptis
1668 1434 2166 1503 interrogationibus

266 1517 349 1584 adj
357 1532 513 1567 uvare
564 1517 795 1579 studeat,
843 1520 934 1566 ut·
965 1515 1302 1567 confessionis
1350 1517 1718 1587 integritatem
1767 1525 1822 1570 et
1871 1520 2166 1571 claritatem

267 1602 453 1654 reddat
482 1601 774 1652 certiorem.

414 1687 464 1739 6.
514 1686 788 1738 Fidelibus
829 1685 1057 1736 liberum
1100 1690 1182 1737 est
1218 1687 1383 1737 etiam
1426 1688 1482 1737 in
1520 1687 1777 1739 Paschate
1809 1690 1951 1757 apud
1987 1706 2169 1757 quem-

268 1773 403 1824 libet
425 1772 788 1841 presbyterum
811 1789 875 1823 ex
899 1772 1203 1839 approbatis
1226 1777 1445 1840 peccata
1470 1774 1726 1838 confiteri,
1745 1792 1915 1843 neque
1933 1792 2166 1843 unquam

269 1859 543 1927 rejiciendi
570 1863 695 1910 sunt
719 1858 787 1909 ab
811 1857 905 1908 illo
930 1874 1090 1925 quem
1115 1858 1402 1909 maluerint
1439 1859 1722 1922 sacerdote,
1759 1861 1856 1911 hoc
1893 1866 2170 1928 praetextu

264 1944 412 2012 -quod
446 1945 515 1995 ad
550 1944 712 1995 aliam
748 1945 1053 2011 pertineant
1088 1944 1568 2013 congregationem.
1650 1944 1701 1995 N
1704 1962 1763 1996 ec
1800 1946 2035 1996 sacerdos
2077 1947 2170 2012 qui

270 2031 566 2081 animarum
591 2047 771 2081 curam
795 2030 936 2098 gerit
965 2029 1170 2080 obicem
1195 2034 1378 2096 ponat,
1402 2028 1485 2080 vel
1510 2029 1766 2080 deterrere
1790 2035 2108 2098 praesumat,
2129 2032 2171 2081 si

269 2115 391 2183 quis
415 2115 483 2166 ad
507 2115 674 2166 alium
699 2115 943 2167 convolet
961 2116 1309 2166 sacerdotem:
1349 2115 1439 2166 sed
1465 2116 1644 2182 potius
1669 2116 1900 2185 gaudeat
1917 2116 1980 2167 de
2000 2116 2171 2167 salute

271 2203 401 2265 oviS,
425 2201 669 2269 quamvis
694 2201 761 2252 ab
785 2201 1002 2252 alterius
1027 2200 1251 2269 pastoris
1275 2200 1343 2252 ab
1367 2201 1532 2251 exitio
1557 2207 1766 2268 ereptae
1791 2218 1970 2252 manu.

416 2285 467 2339 7.
518 2285 754 2338 Caveant
796 2288 1083 2338 sacerdotes
1121 2303 1187 2337 ne
1225 2286 1631 2337 retributionem
1679 2286 1913 2353 aliquam
1963 2292 2174 2355 propter

266 2371 648 2424 confessionem
672 2388 704 2422 a
728 2372 1125 2440 poenitentibus
1149 2371 1433 2438 accipiant.

417 2459 468 2509 8.
519 2456 641 2509 Sint
677 2457 738 2508 in
771 2473 1086 2525 unaquaque
1120 2456 1340 2508 ecclesia
1382 2456 1494 2507 dies
1537 2460 1594 2507 et
1635 2455 1789 2507 horae
1832 2474 1926 2524 pro
1975 2458 2173 2511 confes-

267 2543 510 2595 sionibus
532 2543 858 2612 excipiendis
882 2543 1205 2612 designatae,
1231 2546 1287 2593 et
1310 2546 1553 2593 accurate
1578 2541 1929 2594 observentur.

932 2749 1334 2802 DECRETUM
1397 2750 1520 2801 XX.

642 2883 724 2937 De
765 2883 1122 2939 Sacramento
1160 2883 1450 2935 Extremae
1496 2880 1802 2936 Unctionis.

416 3019 616 3090 Magno
675 3020 847 3088 pretio
894 3018 1135 3080 habenda
1184 3023 1265 3070 est
1313 3018 1470 3086 hujus
1519 3017 1830 3069 sacramenti
1884 3016 2172 3079 institutio,

267 3123 400 3175 qu0,
422 3107 482 3157 in
506 3109 741 3157 extremo
766 3122 889 3157 cum
913 3105 1099 3156 salutis
1123 3104 1275 3156 hoste
1298 3104 1603 3167 certamine,
1618 3104 1685 3153 ad
1710 3104 1984 3154 victoriam
2004 3104 2172 3165 uncti,

275 3191 591 3243 roboramur.

422 3278 469 3327 1.
519 3275 868 3337 Quamobrem
893 3279 1078 3326 caveat
1102 3274 1354 3338 sacerdOS,
1378 3291 1443 3325 ne
1468 3275 1587 3341 quis
1619 3272 1857 3324 fidelium
1895 3273 1993 3323 sibi
2031 3290 2173 3323 com-

274 3363 552 3414 missorum
591 3361 677 3413 vel
718 3362 928 3429 propria
968 3361 1190 3422 incuria,
1241 3359 1324 3410 vel
1375 3377 1437 3409 ex
1478 3360 1687 3409 defectu
1729 3375 1848 3409 suae
1899 3358 2171 3425 pastoralis

274 3443 606 3514 vigilantiae,
643 3443 840 3511 absque
882 3444 980 3494 hac
1019 3442 1237 3494 salutari
1279 3441 1543 3491 medicina
1586 3447 1698 3490 tam
1747 3440 1972 3506 corporis
2011 3456 2170 3506 quam

270 3529 485 3580 ,animae
509 3545 538 3579 e
562 3528 677 3578 vita
702 3527 955 3578 discedat.

384 3616 434 3664 2.
484 3613 743 3664 Hortetur
784 3613 953 3682 igitur
988 3611 1168 3662 fideles
1204 3614 1268 3660 ut
1303 3627 1408 3660 non
1446 3609 1512 3660 ad
1551 3613 1841 3659 extremum
1870 3610 2011 3658 vitae
2036 3625 2171 3675 pun-

269 3703 445 3762 ctum,
493 3716 616 3749 cum
651 3698 771 3766 jam
815 3715 992 3749 sensus
1034 3696 1254 3748 deficere
1302 3695 1585 3763 coeperint,
1634 3693 1792 3761 hujus
1843 3693 2169 3744 saluberrimi

277 3784 590 3834 sacramenti
614 3784 966 3851 receptionem
990 3783 1286 3844 remittant,
1322 3780 1409 3830 sed
1446 3783 1510 3829 ut
1545 3779 1739 3846 potiuS,
1779 3780 2170 3847 ingravescente

276 3868 475 3931 morb0,
490 3868 675 3919 statim
694 3885 755 3919 ac
775 3868 970 3919 fuerint
994 3867 1051 3917 in
1075 3865 1308 3934 periculo
1332 3864 1630 3926 constituti,
1647 3868 1833 3914 vocent
1848 3864 2170 3931 presbyteros
