2534 4374
406 431 533 492 418
1173 451 1418 495 Anmrlo
1462 451 1542 493 lx.

404 597 494 648 vix
526 597 637 650 fieri
673 603 850 667 potest
873 600 987 651 sine
1009 598 1225 668 publico
1249 601 1512 665 scanda10,
1538 605 1593 652 et
1610 603 1759 671 gravi
1784 601 1996 667 damno,
2013 605 2324 672 praesertim

404 682 685 748 foeminae,
710 702 753 736 c.
782 684 818 735 '7
841 683 906 736 dc
946 682 1323 752 coucauqu‘e'sn.
1397 686 1473 736 At
1511 687 1556 737 si
1595 688 1737 738 mala
1774 687 1880 740 fide
1905 689 2082 756 sponsi
2105 689 2323 757 nuptias

402 770 654 835 inierunt,
675 773 904 840 gratiam
929 771 1337 839 dispensationis
1360 771 1587 823 minime
1604 778 1888 838 merentur,
1908 774 1985 825 sic
2009 775 2324 843 disponente

405 853 562 906 Cone.
588 856 732 909 Trid.
758 855 901 911 Sese.
926 853 1039 908 XX
1083 855 1146 919 V,
1171 872 1294 925 cap.
1332 854 1394 908 V.
1419 854 1487 908 dc
1510 855 1760 926 Reform.
1784 856 2037 912 matrim.
2093 928 2101 946 .

552 979 576 1026 l
589 980 635 1028 1.
684 976 1018 1031 Periculum
1053 975 1419 1031 matrimonia:
1441 976 1628 1043 mioeti,
1669 979 1753 1032 vel
1791 996 1982 1032 coram
2021 977 2321 1048 acatholico

400 1059 668 1114 ministro
709 1061 1038 1116 celebrandi.
1114 1063 1337 1126 Quando
1374 1064 1671 1133 periculum
1709 1065 1877 1129 adest,
1911 1066 2054 1134 quod
2086 1066 2323 1117 volentes

402 1137 808 1200 matrimonium
833 1150 893 1200 in
916 1149 1098 1218 aliquo
1123 1150 1290 1201 etiam
1316 1167 1380 1200 ex
1404 1149 1509 1218 maj
1517 1150 1692 1202 oribus
1716 1151 1966 1220 gradibus
1999 1151 2323 1214 contrahere,

403 1249 467 1282 ex
486 1233 833 1303 denegatione
852 1236 1260 1304 dispensationis
1278 1236 1346 1286 ad
1354 1235 1671 1286 Ministrum
1690 1236 2045 1287 acatholicum
2064 1235 2322 1299 accedant

401 1334 496 1384 pro
533 1321 742 1387 nuptiis
780 1321 1105 1372 celebrandis
1145 1323 1317 1389 spreta
1352 1320 1617 1372 Ecclesiae
1646 1322 1984 1385 auctoritate,
2000 1322 2151 1390 justa
2174 1321 2324 1372 inve-

402 1404 550 1454 nitur
598 1405 940 1473 dispensandi
990 1423 1163 1470 causa,
1213 1407 1340 1474 quia
1388 1407 1539 1457 adest
1586 1424 1694 1458 non
1741 1408 1899 1458 modo
1950 1407 2322 1477 gravissimum

400 1488 643 1540 fidelium
669 1492 995 1555 scandalum,
1020 1492 1111 1543 sed
1135 1492 1301 1543 etiam
1333 1492 1498 1543 timor
1527 1492 1887 1560 perversioniS,
1920 1496 1978 1544 et
2009 1491 2324 1544 defectionis

402 1590 434 1623 a
465 1574 569 1626 fide
602 1576 785 1627 taliter
808 1578 1104 1647 agentium,
1130 1582 1187 1629 et
1209 1578 1543 1629 matrimonii
1566 1578 1956 1646 impedimenta
1979 1582 2322 1635 contemnen-

401 1661 561 1724 tium,
599 1665 832 1715 maxime
870 1665 929 1714 in
966 1665 1287 1734 regionibuS,
1327 1664 1421 1716 ubi
1461 1664 1696 1715 haereses
1739 1663 1962 1731 impune
2002 1665 2321 1731 grassantur.

404 1745 470 1796 Id
509 1747 693 1798 docuit
731 1749 860 1800 haec
895 1748 949 1801 S.
982 1748 1374 1819 Congregatio
1357 1765 1416 1800 111
1442 1749 1791 1800 instructione
1816 1750 1905 1800 die
1934 1749 1998 1801 17
2026 1749 2153 1816 Apr.
2183 1749 2324 1798 1820

402 1833 471 1883 3(1
513 1833 982 1902 Archiepiscopum
1025 1834 1415 1896 Quebecensem
1455 1834 1600 1885 data.
1673 1833 1882 1885 Pariter
1918 1851 2042 1885 cum
2079 1833 2323 1884 Vicarius

403 1918 739 1984 Apostolicus
768 1919 995 1970 Bosniae
1028 1918 1365 1987 postulasset,
1397 1922 1582 1969 utrum
1621 1917 2072 1985 dispensationem
2111 1896 2323 1986 61318111

403 2009 579 2070 posset
619 2005 686 2054 iis
731 2003 1036 2068 Catholicis,
1079 2006 1174 2073 qui
1217 2005 1429 2056 nullum
1477 2004 1625 2055 aliud
1672 2005 1990 2072 praetexunt
2037 2003 2322 2064 motivum,

402 2105 565 2155 quam
613 2106 865 2141 vesanum
915 2107 1165 2153 amorem,
1214 2094 1270 2141 et
1319 2090 1481 2142 simul
1528 2090 1882 2158 praevidetur,
1931 2088 2321 2160 dispensatione

403 2174 683 2243 denegata,
726 2193 812 2226 eos
855 2193 1031 2227 coram
1071 2175 1259 2243 judice
1305 2175 1511 2227 infideli
1558 2175 1674 2244 conj
1681 2170 1872 2246 ugium
1921 2174 2029 2225 fore
2076 2173 2322 2235 inituroS,

405 2259 459 2311 S.
502 2258 855 2329 Congregatio
895 2260 950 2312 S.
990 2260 1167 2313 Officii
1205 2263 1265 2313 in
1302 2261 1422 2313 Fer.
1459 2261 1556 2312 IV.
1599 2263 1667 2312 14
1705 2261 1842 2331 Aug.
1881 2261 2018 2310 1822
2054 2258 2318 2310 decrevit:

405 2346 876 2413 “respondendum
903 2346 1129 2410 Oratori,
1153 2347 1297 2415 quod
1331 2347 1391 2398 in
1430 2346 1671 2414 exposito
1709 2363 1835 2397 casu
1872 2349 2058 2396 utatur
2095 2343 2321 2394 faculta—

403 2433 438 2459 “
453 2429 600 2479 tibus
640 2429 742 2480 sibi
780 2430 841 2480 in
877 2429 1054 2481 Form.
1093 2431 1171 2482 II.
1210 2431 1520 2494 commissis,
1552 2435 1712 2499 prout
1735 2431 1794 2480 in
1818 2430 2049 2481 Domino
2075 2428 2318 2496 expedire

404 2514 815 2581 “judicaveritss'
887 2514 1245 2566 Tantumdem
1289 2515 1578 2566 dicendum
1620 2515 1687 2566 de
1727 2515 1978 2583 periculo,
2015 2515 2158 2582 quod
2199 2509 2319 2582 p‘ars

404 2599 664 2649 catholica
689 2616 813 2650 cum
837 2598 1132 2651 acatholico
1156 2599 1565 2651 Matrimonium
1589 2599 1845 2659 celebrare
1868 2599 2083 2650 audeat.

551 2721 636 2770 12.
685 2716 1019 2770 Periculum
1066 2717 1371 2771 incestuosi
1424 2717 1850 2770 concubinatu&
1942 2718 2026 2768 Ex
2080 2717 2316 2784 superius

405 2808 697 2856 memorata
718 2804 1070 2854 instructione
1093 2820 1179 2854 an.
1203 2806 1340 2854 1822
1361 2803 1553 2868 elucet,
1571 2790 1981 2872 dispensationis
2004 2803 2317 2864 remedium,

404 2904 472 2938 ne
497 2888 617 2954 quis
641 2888 698 2937 in
723 2887 1082 2938 concubinatu
1106 2888 1424 2939 insordescat
1453 2906 1577 2939 cum
1609 2889 1824 2960 publico
1858 2888 2122 2951 scandalo,
2155 2892 2315 2990 atque

402 2974 638 3024 evidenti
662 2977 905 3023 aeternae
930 2973 1115 3024 salutis
1139 2973 1462 3037 discrimine,
1486 2975 1846 3029 adhibendum
1871 2991 1997 3025 esse.

552 3094 635 3142 13.
675 3090 1008 3143 Periculum
1025 3089 1389 3143 matrimonii
1407 3090 1608 3144 civilis.
1673 3093 1757 3144 Ex
1781 3093 1941 3144 dictis
1960 3093 2314 3160 consequitur,

404 3178 672 3245 probabile
696 3178 994 3244 periculum
1018 3178 1160 3245 quod
1183 3177 1285 3240 illi,
1304 3177 1396 3244 qui
1422 3177 1867 3245 dispensationem
1891 3181 2105 3246 petunt,
2123 3194 2184 3227 ea
2202 3180 2314 3227 11011

404 3264 639 3326 obtenta,
679 3263 1082 3313 matrimonium
1129 3262 1411 3312 dumtaxat
1461 3260 1638 3326 civile,
1680 3263 1745 3322 ut}
1785 3263 1957 3326 aiunt,
2000 3260 2313 3331 celebraturi

404 3349 530 3411 sint,
554 3365 664 3398 esse
686 3347 989 3416 legitimam
1013 3346 1353 3413 dispensandi
1378 3362 1607 3396 causam.
1743 3359 1745 3361 ·
2236 3334 2238 3338 ’

553 3458 636 3505 14.
684 3451 938 3506 Remotio
958 3450 1228 3520 yravium
1251 3450 1671 3504 scandalorum.

551 3562 635 3611 15.
691 3556 930 3611 Ges-satio
946 3555 1170 3627 publici
1194 3555 1612 3610 concubinatus,

553 3667 635 3718 16.
686 3662 1025 3717 Ecccellcutia
1062 3662 1412 3727 meritorum,
1437 3681 1560 3714 cum
1600 3664 1793 3735 aliquis
1830 3668 1927 3716 aut
1964 3669 2145 3716 contra
2183 3667 2306 3718 fidei
