2534 4374
411 429 542 490 404
1185 445 1428 488 1111111110
1470 446 1551 489 vl.

408 595 449 647 J
451 596 587 646 udex
610 599 666 646 et
688 593 941 645 Defensor
959 591 1256 644 validitatis
1282 594 1613 645 matrimonii
1637 599 1870 664 apponet
1894 613 2044 649 suam
2067 597 2328 666 subscrip-

414 682 637 745 tionem,
663 686 720 732 et
745 679 1099 732 Cancellarius
1123 679 1188 729 de
1214 682 1342 730 actu
1366 680 1594 749 rogabit.

558 766 765 817 Poterit
802 781 922 833 pars
961 764 1194 815 examini
1234 763 1489 832 subjecta,
1513 766 1597 816 vel
1635 765 1781 844 111160
1814 771 1936 835 post
1974 784 2213 833 examen,
2238 767 2324 820 vel

411 852 581 904 etiam
606 852 870 918 deinceps,
894 853 1182 917 antequam
1200 849 1503 917 publicetur
1519 839 1805 918 processus,
1831 855 1875 904 si
1901 853 2050 917 velit,
2076 853 2326 906 articulos

414 953 717 1005 proponere,
744 952 899 1003 super
922 935 1116 1004 quibus
1140 936 1325 1001 etiam,
1349 937 1517 987 citato
1540 935 1821 989 Defensore
1845 937 2199 1003 Matrimonii,
2224 939 2328 991 erit

410 1021 794 1073 examinandus
830 1021 966 1072 alter
1007 1021 1219 1089 conqu,
1262 1025 1319 1072 et
1359 1026 1622 1091 quatenus
1664 1024 1830 1074 etiam
1866 1024 1935 1074 ab
1969 1025 2069 1075 hoc
2111 1023 2326 1075 articuli

414 1110 790 1175 proponantur,
841 1107 944 1157 erit
975 1107 1183 1171 ,iterum
1226 1107 1472 1158 citandus
1513 1107 1722 1174 conjux,
1765 1109 1858 1176 qui
1901 1109 2105 1176 primus
2153 1109 2327 1160 fuerat

414 1195 786 1262 intorrogatuS,
823 1196 881 1243 et
916 1193 1159 1244 adstante
1194 1179 1477 1245 Defensore
1512 1193 1868 1257 Matrimonii,
1901 1212 2055 1263 super
2089 1195 2328 1249 articulis

411 1278 484 1329 ab
506 1278 673 1329 altero
696 1279 981 1346 propositis
1006 1280 1267 1330 audietur.

560 1361 693 1412 Haec
716 1377 917 1423 norma,
941 1378 1060 1428 quae
1086 1361 1213 1412 data
1244 1361 1354 1419 fuit
1376 1379 1471 1430 pro
1503 1361 1756 1414 instantis
1790 1364 2050 1427 examine,
2077 1363 2329 1415 servanda

414 1447 537 1511 erit,
562 1463 794 1516 congrua
817 1447 1063 1515 congruis
1086 1446 1373 1510 referendo,
1397 1448 1457 1498 in
1480 1448 1666 1516 quovis
1690 1448 1796 1499 alio
1818 1450 2077 1500 examine.

563 1531 792 1600 Expleto
835 1532 1077 1583 examine
1113 1531 1260 1582 illius
1299 1533 1539 1603 conjugis
1574 1533 1669 1602 qui
1705 1538 1851 1584 actor
1886 1534 1994 1584 fuit
2028 1535 2087 1584 in
2124 1550 2333 1601 promo-

418 1617 591 1669 venda
613 1618 881 1669 nullitatis
906 1617 1136 1686 querela,
1155 1618 1393 1686 sequitur
1417 1635 1637 1670 examen
1660 1619 1879 1671 alterius
1904 1620 2017 1688 conj
2026 1620 2164 1688 ugiS,
2190 1619 2331 1688 quod

412 1705 520 1755 erit
533 1703 920 1755 conficiendum
938 1705 1130 1755 iisdem
1148 1721 1354 1772 prorsus
1372 1704 1623 1756 methodo
1642 1722 1704 1756 ac
1721 1705 1858 1775 lege,
1877 1722 1996 1772 quae
2011 1706 2328 1773 praescriptae

417 1790 635 1841 fuerunt
658 1790 716 1840 111
740 1790 1158 1857 praecedentibus
1196 1790 1556 1859 paragraphis,
1581 1807 1643 1841 ac
1682 1791 1780 1842 sub
1819 1791 2014 1842 iisdem
2037 1792 2330 1860 interroga-

418 1875 569 1926 toriis
593 1876 758 1926 actori
783 1875 1081 1942 propositiS‚
1105 1874 1191 1925 vel
1214 1874 1335 1925 aliis
1359 1875 1557 1926 additis
1581 1874 1665 1926 vel
1700 1875 1851 1927 novis
1875 1876 2146 1939 confectiS,
2169 1879 2329 1944 prout

420 1961 672 2012 Defensor
695 1961 1035 2011 Matrimonii
1059 1961 1119 2011 in
1142 1959 1372 2012 Domino
1397 1960 1676 2012 censuerit.

562 2046 767 2097 Deinde
799 2046 1187 2114 procedendum
1213 2046 1317 2096 erit
1340 2046 1409 2097 ad
1434 2062 1655 2096 examen
1685 2043 1935 2115 septimoe
1967 2063 2198 2110 manus,
2232 2046 2333 2098 hoc

417 2136 519 2195 est,
543 2137 747 2200 septem
784 2132 1201 2199 propinquorum
1239 2148 1303 2181 ex
1340 2135 1563 2199 utroque
1605 2131 1770 2183 latere
1805 2133 1874 2183 ad
1910 2132 2135 2183 formam
2173 2132 2326 2182 Text.

421 2216 516 2286 (i‘n
543 2215 678 2286 Gap.
704 2215 927 2268 Litterae
969 2215 1169 2268 Vestrae
1183 2235 1200 2266 .·
1240 2214 1306 2267 de
1331 2213 1463 2283 frig]
1500 2219 1563 2268 et.
1603 2214 1839 2286 males.).
1926 2215 2005 2268 Ut
2034 2217 2092 2267 id
2124 2216 2335 2268 facilius

416 2303 608 2371 exequi
623 2302 657 2353 J
660 2303 798 2353 udex
813 2301 1006 2364 valeat,
1020 2300 1274 2351 Defensor
1285 2300 1625 2353 Matrimonii
1641 2303 1833 2354 citabit
1845 2307 2051 2370 partem
2065 2303 2334 2366 actricem,

421 2392 487 2440 ut
508 2388 710 2439 indicet
735 2391 936 2454 septem
961 2385 1065 2436 sibi
1090 2385 1366 2454 sanguine,
1391 2385 1475 2436 vel
1498 2386 1762 2438 affinitate
1786 2388 2113 2456 conjunctos,
2147 2388 2193 2439 si
2217 2387 2333 2440 fieri

419 2475 605 2544 possit,
642 2473 726 2524 sin
761 2472 941 2522 minus
974 2471 1178 2539 septem
1210 2470 1412 2522 vicinos
1436 2471 1588 2523 bonae
1613 2473 1786 2524 famae.
1882 2473 2112 2542 Singuli,
2146 2472 2334 2524 audita

422 2560 568 2629 prius
599 2556 802 2609 lectura
838 2557 1114 2619 examiniS,
1139 2573 1232 2607 seu
1265 2556 1602 2616 confessionis
1635 2557 1876 2627 conjugis
1908 2575 1995 2614 er
2029 2558 2330 2610 inducentis

416 2648 578 2697 erunt
623 2642 1001 2711 interrogandi,
1048 2646 1229 2692 utrum
1278 2645 1605 2709 perspectam
1646 2642 1877 2694 habeant
1914 2643 2225 2711 religionem
2275 2647 2331 2695 et

422 2730 755 2781 honestatem
787 2728 936 2778 illius
973 2727 1087 2794 conj
1094 2727 1232 2796 ugiS,
1269 2731 1334 2777 ut
1371 2731 1648 2795 propterea
1685 2728 1787 2779 sibi
1815 2728 2111 2779 verosimile
2147 2729 2235 2792 sit,
2271 2744 2334 2779 ac

423 2815 638 2866 credant
663 2830 787 2864 eum
823 2830 943 2863 vera
980 2812 1189 2863 dixisse.
1266 2811 1526 2862 Similiter
1557 2813 1793 2863 instante
1827 2812 2110 2864 Defensore
2142 2812 2334 2864 Matri-

422 2900 611 2962 monii,
646 2897 892 2949 citandus
921 2897 1023 2948 erit
1050 2896 1185 2947 alter
1217 2897 1428 2964 conjux,
1461 2900 1527 2948 ut
1559 2898 1725 2948 etiam
1754 2899 1868 2965 ipse
1898 2897 2102 2950 indicet
2131 2902 2334 2966 septem

423 2985 746 3054 propinquos
769 2982 853 3033 vel
878 2982 1075 3045 affineS,
1100 2982 1270 3049 iisque
1294 2981 1681 3046 deficientibus,
1706 2987 1911 3050 septem
1936 2982 2138 3034 vicinos
2160 2983 2330 3034 bonae

424 3071 615 3133 famae,
638 3068 733 3137 qui
767 3071 834 3118 ut
865 3082 1021 3135 supra
1045 3066 1252 3117 dictum
1276 3069 1358 3117 est
1381 3066 1680 3134 deponant=
1707 3067 1919 3118 seorism
1943 3072 2099 3119 erunt
2122 3068 2180 3118 hi
2203 3085 2334 3136 qua-

424 3155 721 3208 tuordecim
775 3152 1063 3204 conflantes
1113 3151 1397 3219 septimam
1445 3167 1666 3202 manum
1715 3152 1948 3203 examini
1997 3152 2331 3220 subjiciendi,

423 3239 718 3310 designatis
753 3237 938 3289 diebus
971 3240 1030 3287 et
1063 3236 1220 3300 110116,
1254 3239 1311 3286 et
1342 3235 1519 3286 delato
1557 3236 1704 3304 prius
1747 3237 1972 3306 singulis
2005 3238 2329 3306 juramento.

426 3326 679 3377 Defensor
701 3321 1037 3375 Matrimonii
1060 3321 1464 3389 interrogatoria
1487 3321 1664 3372 clausa
1689 3321 1977 3386 exhibebit,
2003 3326 2067 3373 ut
2091 3322 2329 3390 superius

423 3413 635 3464 dictum
659 3413 756 3462 est.

572 3496 825 3547 Liberum
857 3495 961 3545 erit
995 3492 1309 3561 conjugibus
1343 3494 1507 3543 testes
1541 3491 1710 3542 bonae
1745 3491 1919 3543 famae
1952 3509 2015 3543 ac
2057 3491 2123 3544 de
2156 3511 2213 3545 re
2247 3493 2330 3545 in·

424 3586 653 3635 structos
686 3580 950 3643 inducere,
974 3579 1069 3646 qui
1093 3595 1274 3629 omnes
1306 3577 1518 3628 seorsim
1542 3579 1600 3628 et
1621 3575 1872 3628 methodo
1896 3575 2152 3629 hactenus
2180 3594 2332 3646 prae-

425 3668 623 3735 scripta
646 3669 799 3717 erunt
825 3664 1058 3716 examini
1083 3662 1417 3730 subjiciendi.
