2534 4374
535 436 655 497 108
1111 453 1272 496 cono.
1317 451 1482 494 PRov.
1528 450 1748 494 wasm.
1790 451 1856 495 11.

1171 840 1766 946 APPEanx.

1353 1014 1600 1030 ——q

1305 1132 1535 1195 PARS
1604 1134 1658 1196 Ι.

1012 1299 1376 1350 LITTERAE
1443 1299 1935 1353 APOSTOLICAE

1112 1405 1205 1458 SS.
1257 1405 1533 1458 DOMINI
1574 1406 1839 1459 NOSTRI

526 1538 608 1578 DE
642 1535 998 1579 DOGMATIGA
1043 1535 1447 1576 DEFINITIONE
1493 1537 1936 1580 IMMAGULATAE
1981 1540 2416 1586 OONOEPTIONIS
2506 1549 2508 1552 ’

1156 1631 1435 1673 VIRGINIS
1482 1632 1798 1675 DEIPARAE.

670 1794 840 1848 PIUS
891 1792 1309 1857 EPISCOPUS,
1359 1794 1639 1847 SERVUS
1690 1795 2087 1849 SERVORUM
2135 1799 2283 1852 DEI.

982 1938 1060 1980 AD
1104 1935 1449 1980 PERPETUAM
1490 1936 1590 1978 REI
1633 1937 1976 1982 MEMORIAM.

670 2058 965 2109 Ineffabilis
1009 2057 1170 2120 Deus,
1210 2055 1361 2124 cujus
1401 2056 1515 2107 viae
1552 2056 1909 2108 misericordia
1945 2063 2002 2110 et
2033 2061 2243 2124 veritas,
2278 2062 2427 2130 cujus

525 2145 770 2197 voluntas
806 2143 1216 2211 omnipotentia,
1240 2147 1296 2192 et
1332 2141 1415 2206 cuj
1423 2159 1484 2192 us
1521 2141 1784 2209 sapientia
1822 2145 2052 2215 attingit
2076 2163 2107 2197 a
2132 2145 2237 2198 fine
2263 2165 2428 2216 usque

526 2231 594 2281 ad
635 2230 795 2280 finem
839 2229 1048 2279 fort-iter
1091 2233 1146 2279 et
1189 2228 1425 2295 disponit
1474 2228 1653 2278 omnia
1708 2230 1956 2294 suaviter,
2012 2249 2136 2282 cum
2174 2232 2242 2283 ab
2284 2235 2429 2283 omni

525 2316 842 2366 aeternitate
885 2314 1202 2382 praeviderit
1249 2313 1697 2364 luctuosissimam
1740 2315 1908 2366 totius
1957 2316 2176 2367 humani
2224 2320 2430 2386 generis

527 2402 735 2451 ruinam
761 2417 824 2451 ex
849 2399 1043 2450 Adami
1079 2398 1486 2467 transgressione
1516 2398 1876 2463 derivandam,
1900 2405 2062 2469 atque
2086 2404 2145 2452 in
2180 2405 2428 2471 mysterio

526 2504 559 2536 a
584 2485 803 2536 saeculis
828 2484 1135 2535 abscondito
1159 2483 1394 2551 primum
1432 2499 1553 2533 suae
1578 2483 1835 2547 bonitatis
1861 2501 1990 2552 opus
2015 2486 2303 2538 decreverit
2336 2504 2429 2555 per

527 2574 686 2625 Verbi
723 2572 1143 2623 incarnationem
1184 2574 1507 2620 sacramento
1550 2569 1832 2621 occultiore
1858 2572 2134 2639 complere,
2158 2578 2223 2624 ut
2246 2579 2429 2624 contra

528 2660 816 2710 misericors
842 2675 996 2708 suum
1021 2656 1351 2724 propositum
1376 2654 1532 2705 homo
1558 2655 1850 2706 diabolicae
1874 2656 2179 2724 iniquitatis
2198 2662 2429 2710 versutia

529 2750 678 2796 actus
703 2746 760 2794 in
786 2743 999 2810 culpam
1041 2759 1147 2792 non
1185 2742 1395 2808 periret,
1421 2745 1476 2791 et
1500 2741 1641 2808 quod
1677 2741 1735 2790 in
1759 2741 1932 2808 primo
1957 2742 2162 2794 Adamo
2186 2761 2428 2795 casurum

529 2835 659 2892 erat,
702 2830 760 2878 in
800 2828 1025 2878 secundo
1065 2827 1273 2877 felicius
1311 2826 1613 2894 erigeretur,
1653 2826 1720 2876 ab
1753 2827 1914 2878 initio
1956 2832 2013 2878 et
2054 2832 2178 2878 ante
2222 2829 2428 2880 saecula

531 2915 823 2982 Unigenito
863 2913 1004 2963 Filio
1049 2930 1141 2963 suo
1178 2912 1427 2974 Matrem,
1465 2929 1527 2962 ex
1553 2929 1659 2979 qua
1683 2929 1800 2963 earo
1826 2913 1997 2963 factus
2030 2914 2088 2964 in
2112 2914 2269 2964 beata
2291 2919 2430 2965 tem-

528 3017 715 3068 porum
740 2999 1076 3066 plenitudine
1100 3002 1413 3060 nasceretur,
1439 2997 1602 3065 elegit
1640 3002 1798 3065 atque
1838 2998 2123 3061 ordinavit,
2166 3003 2425 3067 tantoque

530 3103 653 3153 prae
678 3086 926 3135 creaturis
951 3084 1203 3134 universis
1228 3087 1308 3134 est
1344 3088 1648 3150 prosecutus
1672 3099 1865 3146 amore,
1889 3087 1954 3132 ut
1989 3084 2047 3133 in
2076 3083 2171 3133 illa
2196 3100 2302 3134 una
2326 3085 2427 3135 sibi

530 3172 930 3240 propensissima
962 3170 1238 3220 voluntate
1275 3168 1671 3235 complacuerit.
1746 3167 2072 3235 Quapropter
2097 3169 2248 3219 illam
2273 3170 2426 3239 longe

531 3263 655 3308 ante
697 3273 874 3307 omnes
917 3255 1182 3324 angelicos
1231 3254 1447 3321 spiritus
1495 3257 1814 3320 cunctosque
1864 3257 2068 3304 sanctos
2116 3255 2425 3305 coelestium

531 3343 771 3393 omnium
813 3341 1190 3391 charismatum
1226 3340 1378 3405 copia
1403 3338 1469 3388 de
1492 3338 1736 3388 thesauro
1773 3338 2073 3388 divinitatis
2115 3339 2427 3407 deprompta

530 3430 609 3478 ita
651 3427 872 3477 mirifice
914 3425 1228 3488 cumulavit,
1268 3428 1334 3474 ut
1374 3424 1491 3491 ipsa
1532 3424 1600 3474 ab
1642 3423 1788 3473 omni
1829 3440 2034 3490 prorsus
2068 3427 2273 3491 peccati
2308 3426 2426 3476 labe

533 3530 734 3579 semper
759 3513 938 3574 libera,
977 3528 1038 3561 ac
1063 3514 1178 3561 tota
1214 3509 1434 3577 pulchra
1470 3513 1526 3559 et
1567 3509 1796 3577 perfecta
1835 3525 1953 3558 eam
1996 3510 2327 3560 innocentiae
2369 3513 2424 3560 et

533 3598 832 3649 sanctitatis
879 3596 1270 3664 plenitudinem
1318 3611 1443 3662 prae
1485 3610 1539 3645 se
1587 3594 1758 3656 ferret,
1807 3610 1912 3660 qua
1955 3594 2058 3661 maj
2067 3611 2123 3645 or
2169 3595 2267 3646 sub
2314 3595 2426 3646 Deo

531 3683 835 3733 nullatenus
874 3681 1213 3750 intelligitur,
1253 3682 1310 3729 et
1348 3695 1510 3746 quam
1552 3681 1756 3745 praeter
1796 3676 1971 3727 Deum
2019 3694 2176 3728 nemo
2217 3681 2421 3746 assequi

527 3767 814 3836 ‘cogitando
837 3770 1029 3834 potest.
1091 3764 1166 3815 Et
1190 3764 1408 3830 quidem
1433 3764 1653 3815 decebat
1677 3762 1910 3825 omnino,
1928 3766 1992 3812 ut
2014 3764 2422 3830 perfectissimae
