<?xml version="1.0" encoding="UTF-8"?>
<!DOCTYPE html PUBLIC "-//W3C//DTD XHTML 1.0 Transitional//EN"
    "http://www.w3.org/TR/xhtml1/DTD/xhtml1-transitional.dtd">
<html xmlns="http://www.w3.org/1999/xhtml" xml:lang="en" lang="en">
 <head>
  <title>
</title>
<meta http-equiv="Content-Type" content="text/html;charset=utf-8" />
  <meta name='ocr-system' content='tesseract 3.04.00' />
  <meta name='ocr-capabilities' content='ocr_page ocr_carea ocr_par ocr_line ocrx_word'/>
</head>
<body>
  <div class='ocr_page' id='page_1' title='image "a613744800cathuoft_0155.png"; bbox 0 0 2534 4374; ppageno 0'>
   <div class='ocr_carea' id='block_1_1' title="bbox 886 491 1983 554">
    <p class='ocr_par' dir='ltr' id='par_1_1' title="bbox 886 491 1983 554">
     <span class='ocr_line' id='line_1_1' title="bbox 886 491 1983 554; baseline 0.011 -14"><span class='ocrx_word' id='word_1_1' title='bbox 886 499 1130 542; x_wconf 75' lang='lat' dir='ltr'><strong>APPEND.</strong></span> <span class='ocrx_word' id='word_1_2' title='bbox 1184 501 1220 542; x_wconf 90' lang='lat'>1.</span> <span class='ocrx_word' id='word_1_3' title='bbox 1868 491 1983 554; x_wconf 86' lang='lat'>137</span> 
     </span>
    </p>
   </div>
   <div class='ocr_carea' id='block_1_2' title="bbox 22 645 1993 2509">
    <p class='ocr_par' dir='ltr' id='par_1_2' title="bbox 22 645 1993 2509">
     <span class='ocr_line' id='line_1_2' title="bbox 93 645 1993 715; baseline 0.001 -15"><span class='ocrx_word' id='word_1_4' title='bbox 93 667 218 702; x_wconf 91' lang='lat' dir='ltr'>cum</span> <span class='ocrx_word' id='word_1_5' title='bbox 244 645 588 698; x_wconf 85' lang='lat' dir='ltr'>facultatibus</span> <span class='ocrx_word' id='word_1_6' title='bbox 615 645 779 697; x_wconf 86' lang='lat' dir='ltr'>factas</span> <span class='ocrx_word' id='word_1_7' title='bbox 811 646 959 713; x_wconf 91' lang='lat' dir='ltr'>(licet</span> <span class='ocrx_word' id='word_1_8' title='bbox 996 648 1159 698; x_wconf 88' lang='lat' dir='ltr'>etiam</span> <span class='ocrx_word' id='word_1_9' title='bbox 1190 664 1281 715; x_wconf 89' lang='lat' dir='ltr'>pro</span> <span class='ocrx_word' id='word_1_10' title='bbox 1307 648 1414 699; x_wconf 83' lang='lat' dir='ltr'>sola</span> <span class='ocrx_word' id='word_1_11' title='bbox 1438 651 1636 701; x_wconf 86' lang='lat' dir='ltr'>externi</span> <span class='ocrx_word' id='word_1_12' title='bbox 1664 651 1835 701; x_wconf 87' lang='lat' dir='ltr'>cultus</span> <span class='ocrx_word' id='word_1_13' title='bbox 1861 654 1993 703; x_wconf 82' lang='lat' dir='ltr'>cele-</span> 
     </span>
     <span class='ocr_line' id='line_1_3' title="bbox 93 731 1992 802; baseline 0 -17"><span class='ocrx_word' id='word_1_14' title='bbox 93 733 331 786; x_wconf 87' lang='lat' dir='ltr'>bratione</span> <span class='ocrx_word' id='word_1_15' title='bbox 376 732 507 799; x_wconf 92' lang='lat' dir='ltr'>quin</span> <span class='ocrx_word' id='word_1_16' title='bbox 552 736 605 781; x_wconf 93' lang='lat' dir='ltr'>et</span> <span class='ocrx_word' id='word_1_17' title='bbox 650 747 756 781; x_wconf 88' lang='lat' dir='ltr'>una</span> <span class='ocrx_word' id='word_1_18' title='bbox 799 731 957 781; x_wconf 87' lang='lat' dir='ltr'>simul</span> <span class='ocrx_word' id='word_1_19' title='bbox 998 731 1242 782; x_wconf 86' lang='lat' dir='ltr'>Officium</span> <span class='ocrx_word' id='word_1_20' title='bbox 1280 750 1401 783; x_wconf 91' lang='lat' dir='ltr'>cum</span> <span class='ocrx_word' id='word_1_21' title='bbox 1429 733 1590 784; x_wconf 84' lang='lat' dir='ltr'>Missa</span> <span class='ocrx_word' id='word_1_22' title='bbox 1615 736 1992 802; x_wconf 74' lang='lat' dir='ltr'>transferatur),</span> 
     </span>
     <span class='ocr_line' id='line_1_4' title="bbox 92 818 1990 871; baseline 0 0"><span class='ocrx_word' id='word_1_23' title='bbox 92 819 335 871; x_wconf 88' lang='lat' dir='ltr'>fidelium</span> <span class='ocrx_word' id='word_1_24' title='bbox 363 818 575 869; x_wconf 90' lang='lat' dir='ltr'>devotio</span> <span class='ocrx_word' id='word_1_25' title='bbox 602 818 863 867; x_wconf 72' lang='lat' dir='ltr'>excitetur</span> <span class='ocrx_word' id='word_1_26' title='bbox 886 819 951 868; x_wconf 87' lang='lat' dir='ltr'>ad</span> <span class='ocrx_word' id='word_1_27' title='bbox 996 818 1316 870; x_wconf 90' lang='lat' dir='ltr'>laudandum</span> <span class='ocrx_word' id='word_1_28' title='bbox 1361 819 1647 870; x_wconf 87' lang='lat' dir='ltr'>Dominum</span> <span class='ocrx_word' id='word_1_29' title='bbox 1692 820 1746 871; x_wconf 90' lang='lat' dir='ltr'>in</span> <span class='ocrx_word' id='word_1_30' title='bbox 1785 822 1990 871; x_wconf 77' lang='lat' dir='ltr'>Sanctis</span> 
     </span>
     <span class='ocr_line' id='line_1_5' title="bbox 97 902 1988 973; baseline 0 -17"><span class='ocrx_word' id='word_1_31' title='bbox 97 904 245 972; x_wconf 89' lang='lat' dir='ltr'>Ejus,</span> <span class='ocrx_word' id='word_1_32' title='bbox 268 903 393 954; x_wconf 92' lang='lat' dir='ltr'>huic</span> <span class='ocrx_word' id='word_1_33' title='bbox 422 902 662 953; x_wconf 84' lang='lat' dir='ltr'>fidelium</span> <span class='ocrx_word' id='word_1_34' title='bbox 689 903 878 970; x_wconf 87' lang='lat' dir='ltr'>pietati</span> <span class='ocrx_word' id='word_1_35' title='bbox 897 904 1142 954; x_wconf 89' lang='lat' dir='ltr'>fovendae</span> <span class='ocrx_word' id='word_1_36' title='bbox 1161 910 1319 972; x_wconf 78' lang='lat' dir='ltr'>atque</span> <span class='ocrx_word' id='word_1_37' title='bbox 1340 905 1632 956; x_wconf 85' lang='lat' dir='ltr'>animarum</span> <span class='ocrx_word' id='word_1_38' title='bbox 1655 905 1811 956; x_wconf 84' lang='lat' dir='ltr'>saluti</span> <span class='ocrx_word' id='word_1_39' title='bbox 1832 924 1988 973; x_wconf 85' lang='lat' dir='ltr'>quam</span> 
     </span>
     <span class='ocr_line' id='line_1_6' title="bbox 95 988 1991 1057; baseline -0.001 -16"><span class='ocrx_word' id='word_1_40' title='bbox 95 989 324 1041; x_wconf 85' lang='lat' dir='ltr'><strong>maxime</strong></span> <span class='ocrx_word' id='word_1_41' title='bbox 348 988 569 1038; x_wconf 90' lang='lat' dir='ltr'>interest</span> <span class='ocrx_word' id='word_1_42' title='bbox 606 992 669 1037; x_wconf 90' lang='lat' dir='ltr'>ut</span> <span class='ocrx_word' id='word_1_43' title='bbox 705 989 869 1038; x_wconf 87' lang='lat' dir='ltr'>etiam</span> <span class='ocrx_word' id='word_1_44' title='bbox 898 988 1260 1057; x_wconf 79' lang='lat' dir='ltr'>indulgentiae</span> <span class='ocrx_word' id='word_1_45' title='bbox 1295 990 1375 1038; x_wconf 73' lang='lat' dir='ltr'>liis</span> <span class='ocrx_word' id='word_1_46' title='bbox 1402 990 1547 1039; x_wconf 81' lang='lat' dir='ltr'>festis</span> <span class='ocrx_word' id='word_1_47' title='bbox 1571 1006 1799 1040; x_wconf 76' lang='lat' dir='ltr'>annexae</span> <span class='ocrx_word' id='word_1_48' title='bbox 1827 999 1991 1041; x_wconf 67' lang='lat' dir='ltr'>trans-</span> 
     </span>
     <span class='ocr_line' id='line_1_7' title="bbox 96 1070 1989 1144; baseline -0.001 -18"><span class='ocrx_word' id='word_1_49' title='bbox 96 1074 345 1126; x_wconf 87' lang='lat' dir='ltr'>ferantur.</span> <span class='ocrx_word' id='word_1_50' title='bbox 408 1070 660 1133; x_wconf 82' lang='lat' dir='ltr'>Quamvis</span> <span class='ocrx_word' id='word_1_51' title='bbox 686 1077 865 1122; x_wconf 88' lang='lat' dir='ltr'>autem</span> <span class='ocrx_word' id='word_1_52' title='bbox 891 1072 1020 1122; x_wconf 90' lang='lat' dir='ltr'>alias</span> <span class='ocrx_word' id='word_1_53' title='bbox 1049 1080 1166 1124; x_wconf 92' lang='lat' dir='ltr'>tum</span> <span class='ocrx_word' id='word_1_54' title='bbox 1193 1091 1223 1123; x_wconf 88' lang='lat' dir='ltr'>a</span> <span class='ocrx_word' id='word_1_55' title='bbox 1249 1074 1301 1124; x_wconf 99' lang='lat' dir='ltr'>S.</span> <span class='ocrx_word' id='word_1_56' title='bbox 1327 1074 1547 1126; x_wconf 72' lang='lat' dir='ltr'>Itituurn</span> <span class='ocrx_word' id='word_1_57' title='bbox 1577 1076 1989 1144; x_wconf 66' lang='lat' dir='ltr'>Congregationt·</span> 
     </span>
     <span class='ocr_line' id='line_1_8' title="bbox 95 1159 1989 1233; baseline -0.001 -18"><span class='ocrx_word' id='word_1_58' title='bbox 95 1169 215 1215; x_wconf 93' lang='lat' dir='ltr'>tum</span> <span class='ocrx_word' id='word_1_59' title='bbox 238 1162 307 1214; x_wconf 90' lang='lat' dir='ltr'>ab</span> <span class='ocrx_word' id='word_1_60' title='bbox 330 1162 428 1212; x_wconf 90' lang='lat' dir='ltr'>hac</span> <span class='ocrx_word' id='word_1_61' title='bbox 454 1177 595 1212; x_wconf 88' lang='lat' dir='ltr'>sacra</span> <span class='ocrx_word' id='word_1_62' title='bbox 637 1159 1049 1229; x_wconf 86' lang='lat' dir='ltr'>Congregatione</span> <span class='ocrx_word' id='word_1_63' title='bbox 1093 1162 1439 1230; x_wconf 77' lang='lat' dir='ltr'>indulgentiis</span> <span class='ocrx_word' id='word_1_64' title='bbox 1478 1166 1732 1232; x_wconf 73' lang='lat' dir='ltr'>sacrisque</span> <span class='ocrx_word' id='word_1_65' title='bbox 1759 1166 1989 1233; x_wconf 81' lang='lat' dir='ltr'>reliquiis</span> 
     </span>
     <span class='ocr_line' id='line_1_9' title="bbox 22 1246 1986 1319; baseline 0 -19"><span class='ocrx_word' id='word_1_66' title='bbox 22 1255 27 1261; x_wconf 83' lang='lat'><em>&#39;</em></span> <span class='ocrx_word' id='word_1_67' title='bbox 96 1248 393 1319; x_wconf 88' lang='lat' dir='ltr'>praeposita</span> <span class='ocrx_word' id='word_1_68' title='bbox 435 1246 746 1313; x_wconf 88' lang='lat' dir='ltr'>quaesitum.</span> <span class='ocrx_word' id='word_1_69' title='bbox 785 1246 963 1309; x_wconf 86' lang='lat' dir='ltr'>fuerit,</span> <span class='ocrx_word' id='word_1_70' title='bbox 1009 1252 1187 1297; x_wconf 90' lang='lat' dir='ltr'>utrum</span> <span class='ocrx_word' id='word_1_71' title='bbox 1232 1249 1284 1297; x_wconf 92' lang='lat' dir='ltr'>in</span> <span class='ocrx_word' id='word_1_72' title='bbox 1333 1248 1669 1298; x_wconf 76' lang='lat' dir='ltr'>translatione</span> <span class='ocrx_word' id='word_1_73' title='bbox 1716 1250 1986 1300; x_wconf 61' lang='lat' dir='ltr'>Fastorum</span> 
     </span>
     <span class='ocr_line' id='line_1_10' title="bbox 90 1330 1989 1402; baseline -0.002 -16"><span class='ocrx_word' id='word_1_74' title='bbox 90 1335 261 1387; x_wconf 90' lang='lat' dir='ltr'>etiam</span> <span class='ocrx_word' id='word_1_75' title='bbox 286 1331 570 1383; x_wconf 75' lang='lat' dir='ltr'>translatae</span> <span class='ocrx_word' id='word_1_76' title='bbox 595 1330 967 1399; x_wconf 78' lang='lat' dir='ltr'>intelligantur</span> <span class='ocrx_word' id='word_1_77' title='bbox 985 1348 1214 1382; x_wconf 84' lang='lat' dir='ltr'>annexae</span> <span class='ocrx_word' id='word_1_78' title='bbox 1241 1333 1623 1400; x_wconf 82' lang='lat' dir='ltr'>indulgentiae,</span> <span class='ocrx_word' id='word_1_79' title='bbox 1647 1342 1701 1383; x_wconf 84' lang='lat' dir='ltr'>et</span> <span class='ocrx_word' id='word_1_80' title='bbox 1729 1335 1806 1385; x_wconf 83' lang='lat' dir='ltr'>vel</span> <span class='ocrx_word' id='word_1_81' title='bbox 1835 1352 1989 1402; x_wconf 82' lang='lat' dir='ltr'>nega-</span> 
     </span>
     <span class='ocr_line' id='line_1_11' title="bbox 96 1416 1985 1486; baseline -0.001 -15"><span class='ocrx_word' id='word_1_82' title='bbox 96 1420 209 1471; x_wconf 85' lang='lat' dir='ltr'>tiva</span> <span class='ocrx_word' id='word_1_83' title='bbox 249 1417 599 1469; x_wconf 74' lang='lat' dir='ltr'>intercesserit</span> <span class='ocrx_word' id='word_1_84' title='bbox 640 1416 923 1484; x_wconf 86' lang='lat' dir='ltr'>responsio,</span> <span class='ocrx_word' id='word_1_85' title='bbox 948 1416 1030 1467; x_wconf 94' lang='lat' dir='ltr'>vel</span> <span class='ocrx_word' id='word_1_86' title='bbox 1073 1416 1128 1467; x_wconf 91' lang='lat' dir='ltr'>in</span> <span class='ocrx_word' id='word_1_87' title='bbox 1156 1418 1376 1486; x_wconf 89' lang='lat' dir='ltr'>singulis</span> <span class='ocrx_word' id='word_1_88' title='bbox 1402 1419 1602 1469; x_wconf 75' lang='lat' dir='ltr'>casibus</span> <span class='ocrx_word' id='word_1_89' title='bbox 1628 1421 1985 1471; x_wconf 72' lang='lat' dir='ltr'>recurrendum</span> 
     </span>
     <span class='ocr_line' id='line_1_12' title="bbox 92 1499 1986 1571; baseline -0.002 -14"><span class='ocrx_word' id='word_1_90' title='bbox 92 1521 204 1557; x_wconf 83' lang='lat' dir='ltr'>esse</span> <span class='ocrx_word' id='word_1_91' title='bbox 245 1504 313 1555; x_wconf 87' lang='lat' dir='ltr'>ad</span> <span class='ocrx_word' id='word_1_92' title='bbox 350 1503 486 1553; x_wconf 88' lang='lat' dir='ltr'>hanc</span> <span class='ocrx_word' id='word_1_93' title='bbox 526 1500 579 1552; x_wconf 89' lang='lat' dir='ltr'>S.</span> <span class='ocrx_word' id='word_1_94' title='bbox 608 1499 1078 1570; x_wconf 79' lang='lat' dir='ltr'>Congregationem</span> <span class='ocrx_word' id='word_1_95' title='bbox 1122 1502 1383 1552; x_wconf 89' lang='lat' dir='ltr'>sancitum</span> <span class='ocrx_word' id='word_1_96' title='bbox 1430 1511 1581 1566; x_wconf 81' lang='lat' dir='ltr'>esset,</span> <span class='ocrx_word' id='word_1_97' title='bbox 1624 1521 1717 1554; x_wconf 91' lang='lat' dir='ltr'>nec</span> <span class='ocrx_word' id='word_1_98' title='bbox 1756 1522 1986 1571; x_wconf 88' lang='lat' dir='ltr'>unquam</span> 
     </span>
     <span class='ocr_line' id='line_1_13' title="bbox 91 1585 1987 1660; baseline -0.001 -19"><span class='ocrx_word' id='word_1_99' title='bbox 91 1588 327 1660; x_wconf 87' lang='lat' dir='ltr'>generali</span> <span class='ocrx_word' id='word_1_100' title='bbox 365 1588 569 1639; x_wconf 90' lang='lat' dir='ltr'>decreto</span> <span class='ocrx_word' id='word_1_101' title='bbox 611 1586 821 1654; x_wconf 90' lang='lat' dir='ltr'>publice</span> <span class='ocrx_word' id='word_1_102' title='bbox 865 1585 1111 1653; x_wconf 87' lang='lat' dir='ltr'>evulgato</span> <span class='ocrx_word' id='word_1_103' title='bbox 1151 1587 1441 1652; x_wconf 88' lang='lat' dir='ltr'>usquedum</span> <span class='ocrx_word' id='word_1_104' title='bbox 1489 1586 1611 1638; x_wconf 91' lang='lat' dir='ltr'>huic</span> <span class='ocrx_word' id='word_1_105' title='bbox 1661 1589 1987 1639; x_wconf 86' lang='lat' dir='ltr'>translationi</span> 
     </span>
     <span class='ocr_line' id='line_1_14' title="bbox 98 1671 1990 1742; baseline -0.001 -16"><span class='ocrx_word' id='word_1_106' title='bbox 98 1674 550 1742; x_wconf 77' lang='lat' dir='ltr'>indulgentiarum</span> <span class='ocrx_word' id='word_1_107' title='bbox 574 1671 842 1739; x_wconf 89' lang='lat' dir='ltr'>provisum</span> <span class='ocrx_word' id='word_1_108' title='bbox 869 1671 1061 1733; x_wconf 85' lang='lat' dir='ltr'>fuerit3</span> <span class='ocrx_word' id='word_1_109' title='bbox 1102 1675 1339 1722; x_wconf 84' lang='lat' dir='ltr'>attamen</span> <span class='ocrx_word' id='word_1_110' title='bbox 1367 1672 1787 1725; x_wconf 86' lang='lat' dir='ltr'>Eminentissimi</span> <span class='ocrx_word' id='word_1_111' title='bbox 1811 1674 1990 1725; x_wconf 82' lang='lat' dir='ltr'>Patres</span> 
     </span>
     <span class='ocr_line' id='line_1_15' title="bbox 97 1755 1990 1830; baseline -0.001 -19"><span class='ocrx_word' id='word_1_112' title='bbox 97 1760 156 1811; x_wconf 91' lang='lat' dir='ltr'>in</span> <span class='ocrx_word' id='word_1_113' title='bbox 194 1758 523 1830; x_wconf 88' lang='lat' dir='ltr'>generalibus</span> <span class='ocrx_word' id='word_1_114' title='bbox 573 1755 807 1807; x_wconf 88' lang='lat' dir='ltr'>comitiis</span> <span class='ocrx_word' id='word_1_115' title='bbox 850 1755 1006 1822; x_wconf 84' lang='lat' dir='ltr'>hujus</span> <span class='ocrx_word' id='word_1_116' title='bbox 1056 1773 1227 1807; x_wconf 87' lang='lat' dir='ltr'>sacrae</span> <span class='ocrx_word' id='word_1_117' title='bbox 1277 1756 1722 1826; x_wconf 87' lang='lat' dir='ltr'>Congregationis,</span> <span class='ocrx_word' id='word_1_118' title='bbox 1772 1761 1990 1810; x_wconf 88' lang='lat' dir='ltr'>attentis</span> 
     </span>
     <span class='ocr_line' id='line_1_16' title="bbox 91 1841 1989 1910; baseline -0.003 -13"><span class='ocrx_word' id='word_1_119' title='bbox 91 1844 392 1897; x_wconf 78' lang='lat' dir='ltr'>actualibus</span> <span class='ocrx_word' id='word_1_120' title='bbox 443 1848 743 1910; x_wconf 88' lang='lat' dir='ltr'>temporum</span> <span class='ocrx_word' id='word_1_121' title='bbox 804 1841 1107 1909; x_wconf 89' lang='lat' dir='ltr'>hujusmodi</span> <span class='ocrx_word' id='word_1_122' title='bbox 1157 1847 1214 1892; x_wconf 94' lang='lat' dir='ltr'>et</span> <span class='ocrx_word' id='word_1_123' title='bbox 1260 1843 1608 1910; x_wconf 86' lang='lat' dir='ltr'>peculiaribus</span> <span class='ocrx_word' id='word_1_124' title='bbox 1659 1844 1886 1895; x_wconf 90' lang='lat' dir='ltr'>locorum</span> <span class='ocrx_word' id='word_1_125' title='bbox 1936 1852 1989 1894; x_wconf 73' lang='lat' dir='ltr'>et,</span> 
     </span>
     <span class='ocr_line' id='line_1_17' title="bbox 95 1926 1990 1995; baseline -0.001 -14"><span class='ocrx_word' id='word_1_126' title='bbox 95 1930 430 1983; x_wconf 87' lang='lat' dir='ltr'>ecclesiarum</span> <span class='ocrx_word' id='word_1_127' title='bbox 464 1932 521 1980; x_wconf 91' lang='lat' dir='ltr'>et</span> <span class='ocrx_word' id='word_1_128' title='bbox 551 1927 791 1979; x_wconf 90' lang='lat' dir='ltr'>fidelium</span> <span class='ocrx_word' id='word_1_129' title='bbox 817 1926 1246 1990; x_wconf 78' lang='lat' dir='ltr'>circumstantiis,</span> <span class='ocrx_word' id='word_1_130' title='bbox 1271 1933 1430 1995; x_wconf 88' lang='lat' dir='ltr'>atque</span> <span class='ocrx_word' id='word_1_131' title='bbox 1456 1929 1617 1978; x_wconf 90' lang='lat' dir='ltr'>etiam</span> <span class='ocrx_word' id='word_1_132' title='bbox 1644 1930 1729 1980; x_wconf 90' lang='lat' dir='ltr'>die</span> <span class='ocrx_word' id='word_1_133' title='bbox 1760 1931 1823 1980; x_wconf 88' lang='lat'>16</span> <span class='ocrx_word' id='word_1_134' title='bbox 1856 1929 1990 1980; x_wconf 86' lang='lat' dir='ltr'>Feb-</span> 
     </span>
     <span class='ocr_line' id='line_1_18' title="bbox 96 2012 1989 2081; baseline -0.002 -14"><span class='ocrx_word' id='word_1_135' title='bbox 96 2015 257 2068; x_wconf 92' lang='lat' dir='ltr'>ruarii</span> <span class='ocrx_word' id='word_1_136' title='bbox 318 2013 573 2065; x_wconf 90' lang='lat' dir='ltr'>currentis</span> <span class='ocrx_word' id='word_1_137' title='bbox 621 2013 748 2064; x_wconf 90' lang='lat' dir='ltr'>anni</span> <span class='ocrx_word' id='word_1_138' title='bbox 809 2028 902 2080; x_wconf 92' lang='lat' dir='ltr'>pro</span> <span class='ocrx_word' id='word_1_139' title='bbox 963 2012 1289 2063; x_wconf 89' lang='lat' dir='ltr'>concessione</span> <span class='ocrx_word' id='word_1_140' title='bbox 1350 2013 1578 2081; x_wconf 87' lang='lat' dir='ltr'>generali</span> <span class='ocrx_word' id='word_1_141' title='bbox 1635 2014 1989 2065; x_wconf 86' lang='lat' dir='ltr'>translationis</span> 
     </span>
     <span class='ocr_line' id='line_1_19' title="bbox 97 2097 1986 2169; baseline -0.002 -17"><span class='ocrx_word' id='word_1_142' title='bbox 97 2101 550 2169; x_wconf 87' lang='lat' dir='ltr'>indulgentiarum</span> <span class='ocrx_word' id='word_1_143' title='bbox 590 2099 857 2149; x_wconf 91' lang='lat' dir='ltr'>occasione</span> <span class='ocrx_word' id='word_1_144' title='bbox 897 2097 1255 2148; x_wconf 88' lang='lat' dir='ltr'>translationis</span> <span class='ocrx_word' id='word_1_145' title='bbox 1282 2098 1558 2149; x_wconf 82' lang='lat' dir='ltr'>Festorum</span> <span class='ocrx_word' id='word_1_146' title='bbox 1586 2099 1986 2167; x_wconf 86' lang='lat' dir='ltr'>supplicandum</span> 
     </span>
     <span class='ocr_line' id='line_1_20' title="bbox 98 2182 1989 2251; baseline -0.003 -11"><span class='ocrx_word' id='word_1_147' title='bbox 98 2187 440 2240; x_wconf 86' lang='lat' dir='ltr'>Sanctissimo</span> <span class='ocrx_word' id='word_1_148' title='bbox 463 2184 788 2236; x_wconf 88' lang='lat' dir='ltr'>unanimiter</span> <span class='ocrx_word' id='word_1_149' title='bbox 811 2186 1142 2234; x_wconf 90' lang='lat' dir='ltr'>censuerunt.</span> <span class='ocrx_word' id='word_1_150' title='bbox 1206 2182 1578 2234; x_wconf 89' lang='lat' dir='ltr'>Sanctissimus</span> <span class='ocrx_word' id='word_1_151' title='bbox 1604 2185 1781 2251; x_wconf 81' lang='lat' dir='ltr'>itaque</span> <span class='ocrx_word' id='word_1_152' title='bbox 1807 2184 1989 2237; x_wconf 91' lang='lat' dir='ltr'>Domi-</span> 
     </span>
     <span class='ocr_line' id='line_1_21' title="bbox 95 2268 1990 2338; baseline -0.002 -14"><span class='ocrx_word' id='word_1_153' title='bbox 95 2288 198 2324; x_wconf 89' lang='lat' dir='ltr'>nus</span> <span class='ocrx_word' id='word_1_154' title='bbox 219 2271 410 2323; x_wconf 85' lang='lat' dir='ltr'>Noster</span> <span class='ocrx_word' id='word_1_155' title='bbox 444 2270 573 2322; x_wconf 89' lang='lat' dir='ltr'>Pius</span> <span class='ocrx_word' id='word_1_156' title='bbox 599 2269 746 2337; x_wconf 89' lang='lat' dir='ltr'>Papa</span> <span class='ocrx_word' id='word_1_157' title='bbox 771 2268 891 2332; x_wconf 89' lang='lat' dir='ltr'>IX.,</span> <span class='ocrx_word' id='word_1_158' title='bbox 916 2268 1101 2319; x_wconf 91' lang='lat' dir='ltr'>audita</span> <span class='ocrx_word' id='word_1_159' title='bbox 1126 2268 1191 2320; x_wconf 92' lang='lat' dir='ltr'>de</span> <span class='ocrx_word' id='word_1_160' title='bbox 1215 2268 1297 2318; x_wconf 92' lang='lat' dir='ltr'>his</span> <span class='ocrx_word' id='word_1_161' title='bbox 1330 2269 1572 2319; x_wconf 88' lang='lat' dir='ltr'>omnibus</span> <span class='ocrx_word' id='word_1_162' title='bbox 1607 2269 1874 2332; x_wconf 88' lang='lat' dir='ltr'>relatione,</span> <span class='ocrx_word' id='word_1_163' title='bbox 1900 2288 1990 2338; x_wconf 89' lang='lat' dir='ltr'>per</span> 
     </span>
     <span class='ocr_line' id='line_1_22' title="bbox 98 2351 1989 2424; baseline -0.003 -15"><span class='ocrx_word' id='word_1_164' title='bbox 98 2374 184 2409; x_wconf 91' lang='lat' dir='ltr'>me</span> <span class='ocrx_word' id='word_1_165' title='bbox 207 2357 599 2424; x_wconf 87' lang='lat' dir='ltr'>infrascriptum</span> <span class='ocrx_word' id='word_1_166' title='bbox 624 2354 898 2406; x_wconf 89' lang='lat' dir='ltr'>secretario</span> <span class='ocrx_word' id='word_1_167' title='bbox 938 2353 1171 2421; x_wconf 91' lang='lat' dir='ltr'>ejusdem</span> <span class='ocrx_word' id='word_1_168' title='bbox 1199 2351 1251 2404; x_wconf 89' lang='lat' dir='ltr'>S.</span> <span class='ocrx_word' id='word_1_169' title='bbox 1280 2351 1708 2422; x_wconf 79' lang='lat' dir='ltr'>Congregationis</span> <span class='ocrx_word' id='word_1_170' title='bbox 1734 2354 1989 2404; x_wconf 88' lang='lat' dir='ltr'>substitu-</span> 
     </span>
     <span class='ocr_line' id='line_1_23' title="bbox 98 2438 1989 2509; baseline -0.003 -15"><span class='ocrx_word' id='word_1_171' title='bbox 98 2447 219 2495; x_wconf 90' lang='lat' dir='ltr'>tum</span> <span class='ocrx_word' id='word_1_172' title='bbox 242 2443 303 2494; x_wconf 89' lang='lat' dir='ltr'>in</span> <span class='ocrx_word' id='word_1_173' title='bbox 325 2442 599 2493; x_wconf 89' lang='lat' dir='ltr'>audientia</span> <span class='ocrx_word' id='word_1_174' title='bbox 623 2441 730 2492; x_wconf 92' lang='lat' dir='ltr'>diei</span> <span class='ocrx_word' id='word_1_175' title='bbox 757 2441 788 2491; x_wconf 92' lang='lat'>9</span> <span class='ocrx_word' id='word_1_176' title='bbox 814 2439 1064 2509; x_wconf 86' lang='lat' dir='ltr'>Augusti,</span> <span class='ocrx_word' id='word_1_177' title='bbox 1094 2440 1249 2501; x_wconf 86' lang='lat'>1852,</span> <span class='ocrx_word' id='word_1_178' title='bbox 1287 2438 1444 2500; x_wconf 90' lang='lat' dir='ltr'>facta,</span> <span class='ocrx_word' id='word_1_179' title='bbox 1469 2438 1691 2506; x_wconf 87' lang='lat' dir='ltr'>benigne</span> <span class='ocrx_word' id='word_1_180' title='bbox 1717 2440 1989 2490; x_wconf 86' lang='lat' dir='ltr'>mandavit</span> 
     </span>
    </p>
   </div>
   <div class='ocr_carea' id='block_1_3' title="bbox 7 2522 1989 2596">
    <p class='ocr_par' dir='ltr' id='par_1_3' title="bbox 7 2522 1989 2596">
     <span class='ocr_line' id='line_1_24' title="bbox 7 2522 1989 2596; baseline -0.002 -17"><span class='ocrx_word' id='word_1_181' title='bbox 7 2585 11 2589; x_wconf 51' lang='grc'><strong>,</strong></span> <span class='ocrx_word' id='word_1_182' title='bbox 95 2532 161 2579; x_wconf 89' lang='lat' dir='ltr'>ut</span> <span class='ocrx_word' id='word_1_183' title='bbox 200 2544 379 2579; x_wconf 89' lang='lat' dir='ltr'>omnes</span> <span class='ocrx_word' id='word_1_184' title='bbox 417 2525 785 2596; x_wconf 86' lang='lat' dir='ltr'>indulgentiae</span> <span class='ocrx_word' id='word_1_185' title='bbox 827 2540 962 2590; x_wconf 89' lang='lat' dir='ltr'>quae</span> <span class='ocrx_word' id='word_1_186' title='bbox 1000 2523 1268 2590; x_wconf 88' lang='lat' dir='ltr'>hucusque</span> <span class='ocrx_word' id='word_1_187' title='bbox 1304 2522 1615 2590; x_wconf 84' lang='lat' dir='ltr'>quibusdam</span> <span class='ocrx_word' id='word_1_188' title='bbox 1660 2523 1832 2574; x_wconf 88' lang='lat' dir='ltr'>Festis</span> <span class='ocrx_word' id='word_1_189' title='bbox 1868 2541 1989 2575; x_wconf 87' lang='lat' dir='ltr'>con-</span> 
     </span>
    </p>
   </div>
   <div class='ocr_carea' id='block_1_4' title="bbox 92 2606 1986 3953">
    <p class='ocr_par' dir='ltr' id='par_1_4' title="bbox 92 2606 1986 3953">
     <span class='ocr_line' id='line_1_25' title="bbox 92 2606 1985 2676; baseline -0.003 -13"><span class='ocrx_word' id='word_1_190' title='bbox 92 2628 269 2663; x_wconf 83' lang='lat' dir='ltr'>cessae</span> <span class='ocrx_word' id='word_1_191' title='bbox 294 2611 509 2662; x_wconf 81' lang='lat' dir='ltr'>suerunt</span> <span class='ocrx_word' id='word_1_192' title='bbox 544 2627 606 2661; x_wconf 91' lang='lat' dir='ltr'>ac</span> <span class='ocrx_word' id='word_1_193' title='bbox 631 2609 689 2659; x_wconf 92' lang='lat' dir='ltr'>in</span> <span class='ocrx_word' id='word_1_194' title='bbox 714 2612 981 2676; x_wconf 91' lang='lat' dir='ltr'>posterum</span> <span class='ocrx_word' id='word_1_195' title='bbox 1018 2608 1385 2670; x_wconf 81' lang='lat' dir='ltr'>concedentur,</span> <span class='ocrx_word' id='word_1_196' title='bbox 1410 2606 1492 2658; x_wconf 92' lang='lat' dir='ltr'>vel</span> <span class='ocrx_word' id='word_1_197' title='bbox 1528 2625 1661 2675; x_wconf 90' lang='lat' dir='ltr'>quae</span> <span class='ocrx_word' id='word_1_198' title='bbox 1686 2625 1775 2675; x_wconf 91' lang='lat' dir='ltr'>pro</span> <span class='ocrx_word' id='word_1_199' title='bbox 1802 2609 1985 2659; x_wconf 88' lang='lat' dir='ltr'>iisdem</span> 
     </span>
     <span class='ocr_line' id='line_1_26' title="bbox 100 2692 1986 2764; baseline -0.002 -17"><span class='ocrx_word' id='word_1_200' title='bbox 100 2696 273 2748; x_wconf 88' lang='lat' dir='ltr'>Festis</span> <span class='ocrx_word' id='word_1_201' title='bbox 310 2695 576 2764; x_wconf 89' lang='lat' dir='ltr'>aliquibus</span> <span class='ocrx_word' id='word_1_202' title='bbox 619 2693 851 2745; x_wconf 91' lang='lat' dir='ltr'>ecclesiis</span> <span class='ocrx_word' id='word_1_203' title='bbox 876 2696 930 2743; x_wconf 90' lang='lat' dir='ltr'>et</span> <span class='ocrx_word' id='word_1_204' title='bbox 969 2692 1196 2760; x_wconf 89' lang='lat' dir='ltr'>publicis</span> <span class='ocrx_word' id='word_1_205' title='bbox 1232 2692 1469 2742; x_wconf 89' lang='lat' dir='ltr'>oratoriis</span> <span class='ocrx_word' id='word_1_206' title='bbox 1505 2693 1699 2759; x_wconf 82' lang='lat' dir='ltr'>pariter</span> <span class='ocrx_word' id='word_1_207' title='bbox 1722 2710 1986 2744; x_wconf 82' lang='lat' dir='ltr'>concessae</span> 
     </span>
     <span class='ocr_line' id='line_1_27' title="bbox 99 2776 1986 2848; baseline -0.003 -15"><span class='ocrx_word' id='word_1_208' title='bbox 99 2781 313 2833; x_wconf 83' lang='lat' dir='ltr'>fuerunt</span> <span class='ocrx_word' id='word_1_209' title='bbox 353 2786 409 2831; x_wconf 88' lang='lat' dir='ltr'>et</span> <span class='ocrx_word' id='word_1_210' title='bbox 450 2781 509 2831; x_wconf 92' lang='lat' dir='ltr'>in</span> <span class='ocrx_word' id='word_1_211' title='bbox 546 2783 816 2848; x_wconf 90' lang='lat' dir='ltr'>posterum</span> <span class='ocrx_word' id='word_1_212' title='bbox 858 2777 1223 2839; x_wconf 90' lang='lat' dir='ltr'>concedentur,</span> <span class='ocrx_word' id='word_1_213' title='bbox 1262 2776 1344 2827; x_wconf 91' lang='lat' dir='ltr'>vel</span> <span class='ocrx_word' id='word_1_214' title='bbox 1384 2777 1546 2827; x_wconf 86' lang='lat' dir='ltr'>etiarn</span> <span class='ocrx_word' id='word_1_215' title='bbox 1587 2779 1629 2827; x_wconf 91' lang='lat' dir='ltr'>si</span> <span class='ocrx_word' id='word_1_216' title='bbox 1674 2778 1887 2828; x_wconf 86' lang='lat' dir='ltr'>libuerit</span> <span class='ocrx_word' id='word_1_217' title='bbox 1922 2779 1986 2828; x_wconf 89' lang='lat' dir='ltr'>de</span> 
     </span>
     <span class='ocr_line' id='line_1_28' title="bbox 92 2862 1982 2929; baseline -0.004 -11"><span class='ocrx_word' id='word_1_218' title='bbox 92 2883 348 2918; x_wconf 83' lang='lat' dir='ltr'>consensu</span> <span class='ocrx_word' id='word_1_219' title='bbox 375 2864 638 2916; x_wconf 87' lang='lat' dir='ltr'>Ordinarii</span> <span class='ocrx_word' id='word_1_220' title='bbox 679 2863 803 2914; x_wconf 91' lang='lat' dir='ltr'>illae</span> <span class='ocrx_word' id='word_1_221' title='bbox 828 2879 1095 2913; x_wconf 88' lang='lat' dir='ltr'>concessae</span> <span class='ocrx_word' id='word_1_222' title='bbox 1119 2863 1177 2912; x_wconf 91' lang='lat' dir='ltr'>in</span> <span class='ocrx_word' id='word_1_223' title='bbox 1203 2862 1357 2912; x_wconf 90' lang='lat' dir='ltr'>sacris</span> <span class='ocrx_word' id='word_1_224' title='bbox 1382 2862 1867 2929; x_wconf 79' lang='lat' dir='ltr'>supplicationibuS‚</span> <span class='ocrx_word' id='word_1_225' title='bbox 1892 2870 1982 2912; x_wconf 88' lang='lat' dir='ltr'>aut</span> 
     </span>
     <span class='ocr_line' id='line_1_29' title="bbox 99 2947 1984 3017; baseline -0.004 -14"><span class='ocrx_word' id='word_1_226' title='bbox 99 2951 158 3003; x_wconf 87' lang='lat' dir='ltr'>in</span> <span class='ocrx_word' id='word_1_227' title='bbox 180 2950 598 3013; x_wconf 88' lang='lat' dir='ltr'>novendialibus,</span> <span class='ocrx_word' id='word_1_228' title='bbox 622 2949 707 3001; x_wconf 91' lang='lat' dir='ltr'>vel</span> <span class='ocrx_word' id='word_1_229' title='bbox 732 2948 1055 3017; x_wconf 83' lang='lat' dir='ltr'>septenariis,</span> <span class='ocrx_word' id='word_1_230' title='bbox 1081 2947 1188 2998; x_wconf 89' lang='lat' dir='ltr'>sive</span> <span class='ocrx_word' id='word_1_231' title='bbox 1214 2947 1470 2997; x_wconf 89' lang='lat' dir='ltr'>triduanis</span> <span class='ocrx_word' id='word_1_232' title='bbox 1495 2947 1733 3015; x_wconf 88' lang='lat' dir='ltr'>precibus</span> <span class='ocrx_word' id='word_1_233' title='bbox 1758 2953 1879 2997; x_wconf 87' lang='lat' dir='ltr'>ante</span> <span class='ocrx_word' id='word_1_234' title='bbox 1906 2947 1984 2997; x_wconf 86' lang='lat' dir='ltr'>vel</span> 
     </span>
     <span class='ocr_line' id='line_1_30' title="bbox 98 3032 1986 3106; baseline -0.004 -18"><span class='ocrx_word' id='word_1_235' title='bbox 98 3041 220 3106; x_wconf 88' lang='lat' dir='ltr'>post</span> <span class='ocrx_word' id='word_1_236' title='bbox 260 3035 479 3087; x_wconf 89' lang='lat' dir='ltr'>Festum</span> <span class='ocrx_word' id='word_1_237' title='bbox 518 3034 601 3086; x_wconf 91' lang='lat' dir='ltr'>vel</span> <span class='ocrx_word' id='word_1_238' title='bbox 644 3034 756 3102; x_wconf 90' lang='lat' dir='ltr'>ejus</span> <span class='ocrx_word' id='word_1_239' title='bbox 798 3033 1060 3084; x_wconf 88' lang='lat' dir='ltr'>octavario</span> <span class='ocrx_word' id='word_1_240' title='bbox 1085 3033 1433 3100; x_wconf 85' lang='lat' dir='ltr'>perdurante3</span> <span class='ocrx_word' id='word_1_241' title='bbox 1471 3032 1751 3082; x_wconf 85' lang='lat' dir='ltr'>translatae</span> <span class='ocrx_word' id='word_1_242' title='bbox 1789 3032 1986 3082; x_wconf 89' lang='lat' dir='ltr'>intelli-</span> 
     </span>
     <span class='ocr_line' id='line_1_31' title="bbox 101 3116 1982 3192; baseline -0.004 -20"><span class='ocrx_word' id='word_1_243' title='bbox 101 3126 293 3192; x_wconf 86' lang='lat' dir='ltr'>gantur</span> <span class='ocrx_word' id='word_1_244' title='bbox 316 3137 408 3189; x_wconf 91' lang='lat' dir='ltr'>pro</span> <span class='ocrx_word' id='word_1_245' title='bbox 433 3137 495 3171; x_wconf 90' lang='lat' dir='ltr'>eo</span> <span class='ocrx_word' id='word_1_246' title='bbox 519 3120 607 3170; x_wconf 91' lang='lat' dir='ltr'>die</span> <span class='ocrx_word' id='word_1_247' title='bbox 631 3136 735 3187; x_wconf 93' lang='lat' dir='ltr'>quo</span> <span class='ocrx_word' id='word_1_248' title='bbox 760 3118 920 3169; x_wconf 89' lang='lat' dir='ltr'>Festa</span> <span class='ocrx_word' id='word_1_249' title='bbox 944 3117 1245 3185; x_wconf 90' lang='lat' dir='ltr'>hujusmodi</span> <span class='ocrx_word' id='word_1_250' title='bbox 1283 3117 1364 3168; x_wconf 93' lang='lat' dir='ltr'>vel</span> <span class='ocrx_word' id='word_1_251' title='bbox 1401 3117 1571 3184; x_wconf 91' lang='lat' dir='ltr'>quoad</span> <span class='ocrx_word' id='word_1_252' title='bbox 1598 3116 1982 3167; x_wconf 84' lang='lat' dir='ltr'>solemnitatem</span> 
     </span>
     <span class='ocr_line' id='line_1_32' title="bbox 99 3199 1982 3271; baseline -0.004 -13"><span class='ocrx_word' id='word_1_253' title='bbox 99 3211 313 3258; x_wconf 87' lang='lat' dir='ltr'>tantum</span> <span class='ocrx_word' id='word_1_254' title='bbox 335 3210 392 3257; x_wconf 89' lang='lat' dir='ltr'>et</span> <span class='ocrx_word' id='word_1_255' title='bbox 423 3210 691 3256; x_wconf 87' lang='lat' dir='ltr'>externam</span> <span class='ocrx_word' id='word_1_256' title='bbox 734 3203 1134 3254; x_wconf 88' lang='lat' dir='ltr'>celebrationem</span> <span class='ocrx_word' id='word_1_257' title='bbox 1180 3201 1309 3271; x_wconf 85' lang='lat' dir='ltr'>(non</span> <span class='ocrx_word' id='word_1_258' title='bbox 1336 3206 1515 3252; x_wconf 88' lang='lat' dir='ltr'>tamen</span> <span class='ocrx_word' id='word_1_259' title='bbox 1541 3201 1712 3268; x_wconf 90' lang='lat' dir='ltr'>quoad</span> <span class='ocrx_word' id='word_1_260' title='bbox 1740 3199 1982 3250; x_wconf 82' lang='lat' dir='ltr'>Officium</span> 
     </span>
     <span class='ocr_line' id='line_1_33' title="bbox 97 3286 1980 3360; baseline -0.006 -17"><span class='ocrx_word' id='word_1_261' title='bbox 97 3295 158 3343; x_wconf 87' lang='lat' dir='ltr'>et</span> <span class='ocrx_word' id='word_1_262' title='bbox 179 3289 426 3360; x_wconf 83' lang='lat' dir='ltr'>Missam)</span> <span class='ocrx_word' id='word_1_263' title='bbox 451 3291 508 3341; x_wconf 92' lang='lat' dir='ltr'>in</span> <span class='ocrx_word' id='word_1_264' title='bbox 533 3289 799 3358; x_wconf 83' lang='lat' dir='ltr'>aliquibus</span> <span class='ocrx_word' id='word_1_265' title='bbox 822 3288 967 3352; x_wconf 79' lang='lat' dir='ltr'>lociS,</span> <span class='ocrx_word' id='word_1_266' title='bbox 993 3287 1075 3338; x_wconf 91' lang='lat' dir='ltr'>vel</span> <span class='ocrx_word' id='word_1_267' title='bbox 1101 3286 1347 3348; x_wconf 77' lang='lat' dir='ltr'>ecclesiiS,</span> <span class='ocrx_word' id='word_1_268' title='bbox 1374 3286 1701 3353; x_wconf 84' lang='lat' dir='ltr'>publicisque</span> <span class='ocrx_word' id='word_1_269' title='bbox 1727 3286 1980 3342; x_wconf 85' lang='lat' dir='ltr'>oratoriis,</span> 
     </span>
     <span class='ocr_line' id='line_1_34' title="bbox 99 3371 1981 3444; baseline -0.005 -16"><span class='ocrx_word' id='word_1_270' title='bbox 99 3378 210 3428; x_wconf 87' lang='lat' dir='ltr'>sive</span> <span class='ocrx_word' id='word_1_271' title='bbox 232 3376 292 3427; x_wconf 91' lang='lat' dir='ltr'>in</span> <span class='ocrx_word' id='word_1_272' title='bbox 314 3381 629 3444; x_wconf 88' lang='lat' dir='ltr'>perpetuum</span> <span class='ocrx_word' id='word_1_273' title='bbox 671 3374 778 3425; x_wconf 89' lang='lat' dir='ltr'>sive</span> <span class='ocrx_word' id='word_1_274' title='bbox 819 3373 995 3441; x_wconf 90' lang='lat' dir='ltr'>aliqua</span> <span class='ocrx_word' id='word_1_275' title='bbox 1038 3373 1321 3433; x_wconf 88' lang='lat' dir='ltr'>occasione,</span> <span class='ocrx_word' id='word_1_276' title='bbox 1347 3372 1451 3421; x_wconf 90' lang='lat' dir='ltr'>sive</span> <span class='ocrx_word' id='word_1_277' title='bbox 1476 3371 1542 3421; x_wconf 89' lang='lat' dir='ltr'>ad</span> <span class='ocrx_word' id='word_1_278' title='bbox 1569 3377 1793 3436; x_wconf 85' lang='lat' dir='ltr'>tempus,</span> <span class='ocrx_word' id='word_1_279' title='bbox 1820 3387 1981 3437; x_wconf 66' lang='lat' dir='ltr'>eoque</span> 
     </span>
     <span class='ocr_line' id='line_1_35' title="bbox 100 3455 1980 3529; baseline -0.006 -16"><span class='ocrx_word' id='word_1_280' title='bbox 100 3462 340 3524; x_wconf 86' lang='lat' dir='ltr'>durante,</span> <span class='ocrx_word' id='word_1_281' title='bbox 373 3460 614 3529; x_wconf 88' lang='lat' dir='ltr'>legitime</span> <span class='ocrx_word' id='word_1_282' title='bbox 653 3459 1046 3509; x_wconf 89' lang='lat' dir='ltr'>transferuntur.</span> <span class='ocrx_word' id='word_1_283' title='bbox 1122 3455 1256 3507; x_wconf 89' lang='lat' dir='ltr'>Cum</span> <span class='ocrx_word' id='word_1_284' title='bbox 1282 3473 1399 3507; x_wconf 92' lang='lat' dir='ltr'>vero</span> <span class='ocrx_word' id='word_1_285' title='bbox 1426 3455 1731 3505; x_wconf 87' lang='lat' dir='ltr'>transfertur</span> <span class='ocrx_word' id='word_1_286' title='bbox 1771 3460 1980 3503; x_wconf 76' lang='lat' dir='ltr'>tantuin</span> 
     </span>
     <span class='ocr_line' id='line_1_36' title="bbox 96 3538 1979 3607; baseline -0.006 -9"><span class='ocrx_word' id='word_1_287' title='bbox 96 3546 348 3598; x_wconf 88' lang='lat' dir='ltr'>Officium</span> <span class='ocrx_word' id='word_1_288' title='bbox 372 3563 495 3596; x_wconf 89' lang='lat' dir='ltr'>cum</span> <span class='ocrx_word' id='word_1_289' title='bbox 520 3545 702 3607; x_wconf 88' lang='lat' dir='ltr'>Missa,</span> <span class='ocrx_word' id='word_1_290' title='bbox 719 3560 824 3594; x_wconf 94' lang='lat' dir='ltr'>non</span> <span class='ocrx_word' id='word_1_291' title='bbox 849 3547 1028 3593; x_wconf 90' lang='lat' dir='ltr'>autem</span> <span class='ocrx_word' id='word_1_292' title='bbox 1054 3541 1355 3592; x_wconf 85' lang='lat' dir='ltr'>solemnitas</span> <span class='ocrx_word' id='word_1_293' title='bbox 1380 3545 1433 3589; x_wconf 89' lang='lat' dir='ltr'>et</span> <span class='ocrx_word' id='word_1_294' title='bbox 1458 3539 1678 3590; x_wconf 83' lang='lat' dir='ltr'>exterior</span> <span class='ocrx_word' id='word_1_295' title='bbox 1703 3538 1979 3588; x_wconf 87' lang='lat' dir='ltr'>celebratio</span> 
     </span>
     <span class='ocr_line' id='line_1_37' title="bbox 102 3623 1803 3698; baseline -0.007 -15"><span class='ocrx_word' id='word_1_296' title='bbox 102 3630 267 3694; x_wconf 86' lang='lat' dir='ltr'>Festi,</span> <span class='ocrx_word' id='word_1_297' title='bbox 289 3629 742 3698; x_wconf 89' lang='lat' dir='ltr'>indulgentiarum</span> <span class='ocrx_word' id='word_1_298' title='bbox 766 3627 968 3678; x_wconf 89' lang='lat' dir='ltr'>nullam</span> <span class='ocrx_word' id='word_1_299' title='bbox 994 3626 1105 3677; x_wconf 90' lang='lat' dir='ltr'>fieri</span> <span class='ocrx_word' id='word_1_300' title='bbox 1142 3624 1532 3675; x_wconf 87' lang='lat' dir='ltr'>translationem</span> <span class='ocrx_word' id='word_1_301' title='bbox 1559 3623 1803 3672; x_wconf 88' lang='lat' dir='ltr'>decrevit.</span> 
     </span>
     <span class='ocr_line' id='line_1_38' title="bbox 244 3706 1979 3781; baseline -0.006 -14"><span class='ocrx_word' id='word_1_302' title='bbox 244 3716 399 3766; x_wconf 90' lang='lat' dir='ltr'>Hanc</span> <span class='ocrx_word' id='word_1_303' title='bbox 422 3720 602 3766; x_wconf 90' lang='lat' dir='ltr'>autem</span> <span class='ocrx_word' id='word_1_304' title='bbox 642 3712 955 3781; x_wconf 90' lang='lat' dir='ltr'>apostolicae</span> <span class='ocrx_word' id='word_1_305' title='bbox 991 3709 1336 3778; x_wconf 87' lang='lat' dir='ltr'>benignitatis</span> <span class='ocrx_word' id='word_1_306' title='bbox 1373 3709 1748 3758; x_wconf 90' lang='lat' dir='ltr'>concessionem</span> <span class='ocrx_word' id='word_1_307' title='bbox 1784 3706 1979 3756; x_wconf 73' lang='lat' dir='ltr'>Eadem</span> 
     </span>
     <span class='ocr_line' id='line_1_39' title="bbox 101 3791 1979 3866; baseline -0.007 -15"><span class='ocrx_word' id='word_1_308' title='bbox 101 3799 367 3852; x_wconf 86' lang='lat' dir='ltr'>Sanctitas</span> <span class='ocrx_word' id='word_1_309' title='bbox 405 3799 513 3850; x_wconf 88' lang='lat' dir='ltr'>Sua</span> <span class='ocrx_word' id='word_1_310' title='bbox 552 3798 950 3866; x_wconf 87' lang='lat' dir='ltr'>quibuscunque</span> <span class='ocrx_word' id='word_1_311' title='bbox 988 3797 1044 3846; x_wconf 93' lang='lat' dir='ltr'>in</span> <span class='ocrx_word' id='word_1_312' title='bbox 1068 3796 1382 3845; x_wconf 87' lang='lat' dir='ltr'>contrarium</span> <span class='ocrx_word' id='word_1_313' title='bbox 1409 3810 1510 3843; x_wconf 90' lang='lat' dir='ltr'>non</span> <span class='ocrx_word' id='word_1_314' title='bbox 1538 3791 1882 3851; x_wconf 82' lang='lat' dir='ltr'>obstantibus,</span> <span class='ocrx_word' id='word_1_315' title='bbox 1920 3808 1979 3838; x_wconf 68' lang='lat' dir='ltr'>av</span> 
     </span>
     <span class='ocr_line' id='line_1_40' title="bbox 99 3876 1981 3953; baseline -0.006 -16"><span class='ocrx_word' id='word_1_316' title='bbox 99 3886 367 3953; x_wconf 83' lang='lat' dir='ltr'>perpetuis</span> <span class='ocrx_word' id='word_1_317' title='bbox 408 3884 599 3935; x_wconf 83' lang='lat' dir='ltr'>futuris</span> <span class='ocrx_word' id='word_1_318' title='bbox 647 3882 986 3950; x_wconf 80' lang='lat' dir='ltr'>temporibuS,</span> <span class='ocrx_word' id='word_1_319' title='bbox 1028 3880 1222 3946; x_wconf 89' lang='lat' dir='ltr'>absque</span> <span class='ocrx_word' id='word_1_320' title='bbox 1265 3877 1372 3929; x_wconf 88' lang='lat' dir='ltr'>ulla</span> <span class='ocrx_word' id='word_1_321' title='bbox 1423 3877 1600 3927; x_wconf 89' lang='lat' dir='ltr'>Brevis</span> <span class='ocrx_word' id='word_1_322' title='bbox 1649 3876 1981 3943; x_wconf 81' lang='lat' dir='ltr'>expedition·</span> 
     </span>
    </p>
   </div>
  </div>
 </body>
</html>
