2534 4374
914 503 1158 545 APPEND.
1204 504 1346 545 xvu.
2013 486 2097 547 69

208 653 364 706 cendi
382 652 673 715 missiones,
688 652 756 703 ad
775 652 996 703 formam
1016 651 1310 719 juramenti
1330 650 1663 703 alumnorum
1686 651 2104 712 Pontificiorum,

208 742 371 805 atque
395 741 608 788 onerata
632 737 689 787 in
714 736 958 788 omnibus
983 736 1304 786 conscientia
1330 734 1741 786 Ordinatiorum.

351 823 506 873 Hanc
545 839 666 873 vero
702 820 757 873 S.
802 819 860 872 C.
905 821 1225 871 sententiam
1264 819 1607 871 Sanctissimo
1646 820 1873 872 Domino
1918 821 2107 872 Nostro

210 909 308 960 Pio
332 908 442 959 ΡΡ.
462 907 563 970 ΙΧ,
580 908 638 957 in
661 906 935 957 audientia
958 906 1066 957 diei
1094 906 1125 957 6
1153 906 1389 974 ejusdem
1414 905 1610 956 mensis
1634 910 1690 956 et
1715 906 1841 956 anni
1867 906 1934 955 ab
1950 906 2109 956 infm-

207 993 402 1061 scripto
436 992 708 1042 secretario
747 990 987 1053 relatam,
1032 989 1298 1042 Sanctitas
1331 988 1439 1041 Sua
1479 990 1708 1059 benigne
1746 990 2005 1058 probavit,
2047 1008 2107 1040 ac

210 1077 524 1130 facultatem
539 1076 701 1143 juxta
718 1075 1045 1142 propositum
1066 1079 1299 1126 tenorem
1318 1076 1590 1137 concessit,
1609 1075 1880 1125 contrariis
1894 1075 2111 1142 quibus-

133 1198 137 1202 *
210 1178 438 1230 cumque
460 1177 567 1212 non
591 1159 940 1210 obstantibus.

353 1246 477 1297 Dat.
527 1245 728 1296 Romae
775 1260 840 1297 ex
876 1243 1005 1295 Aed.
1045 1242 1099 1296 S.
1140 1242 1198 1296 C.
1241 1244 1306 1295 de
1349 1243 1692 1313 Propaganda
1735 1244 1867 1295 Fide
1910 1244 1998 1295 die
2039 1247 2100 1295 21

212 1331 428 1402 Aprilis,
458 1331 611 1382 1852.

251 1525 256 1545 Ι
357 1488 421 1542 Β.
445 1486 499 1540 ,Β
522 1486 577 1541 S·
995 1412 1051 1467 J.
1088 1412 1187 1464 Ph.
1227 1411 1399 1465 CARD.
1440 1412 1740 1478 FRANsom,
1777 1412 1965 1483 Praef.

1229 1556 1314 1608 Al.
1351 1556 1631 1619 BARNABo,
1666 1573 1704 1608 a
1738 1555 1969 1609 secretis.

1076 1834 1258 1886 XVII.

464 1987 827 2042 EXTENSIO
878 1984 1431 2039 PRAECEDENTIS
1481 1985 1878 2040 RESCRIPTI.

216 2123 529 2176 Beatissime
553 2123 728 2185 Pater,

358 2206 497 2261 Cum
532 2210 745 2276 propter
786 2205 1021 2257 locorum
1060 2204 1399 2256 necessitates
1440 2204 1529 2255 vix
1564 2205 1753 2272 sperari
1787 2205 1954 2273 possit
1976 2208 2116 2274 quod

214 2293 470 2346 beneficia
511 2293 580 2344 ad
621 2291 1030 2344 ordinandorum
1079 2288 1305 2340 titulum
1354 2289 1759 2341 consituendum
1804 2290 2117 2342 sufficientia

218 2380 504 2450 erigantur,
528 2395 624 2429 nec
649 2376 803 2427 facile
826 2377 992 2426 etiam
1016 2374 1089 2426 sit
1123 2374 1433 2442 patrimonii
1462 2373 1627 2426 titulo
1652 2374 1911 2443 supplere,
1935 2376 2119 2427 Archi·

215 2466 487 2534 episcopus
509 2459 1083 2514 westmonasteriensis
1108 2464 1164 2510 et
1189 2458 1441 2526 Episcopi
1464 2459 1708 2527 Angliae,
1726 2478 1790 2511 ex
1809 2461 2113 2529 provinciali

219 2549 473 2611 Concili0‚
534 2546 838 2614 supplicant
896 2549 958 2596 ut
1021 2543 1075 2596 S.
1131 2544 1196 2594 V.
1259 2543 1507 2611 dignetur
1567 2544 1788 2596 ulterius
1843 2546 2119 2597 extendere

217 2635 490 2687 indultum
514 2633 768 2705 superiori
790 2647 929 2683 anno
953 2630 1309 2699 impertitum,
1327 2634 1391 2680 ut
1415 2629 1577 2680 titulo
1602 2630 1862 2681 missionis
1887 2631 2120 2682 ordinare

219 2720 447 2772 valeant.

363 2804 446 2855 Ex
469 2803 743 2855 audientia
766 2801 1100 2861 Sanctissimi
1124 2801 1308 2852 habita
1331 2800 1419 2851 die
1448 2802 1514 2851 13
1538 2801 1741 2864 Martii,
1773 2804 1925 2866 1853,

365 2887 739 2940 Sanctissimus
763 2887 1022 2938 Dominus
1046 2886 1238 2937 Noster
1263 2886 1391 2936 Pius
1425 2887 1607 2937 divina
1644 2888 1973 2954 providentia
2012 2887 2119 2937 ΡΡ.

222 2974 324 3036 ῙΧ,
348 2973 602 3025 referente
626 2989 713 3022 me
749 2971 1083 3038 infrascripto
1121 2970 1175 3022 S.
1215 2969 1651 3040 Congregationis
1687 2971 1752 3021 de
1779 2971 2120 3039 Propaganda

221 3059 358 3110 Fide
374 3057 680 3119 SecretariO,
695 3072 759 3107 ex
775 3059 898 3106 voto
916 3055 1471 3106 Eminentissimorum
1491 3054 1598 3105 ΡΡ.
1618 3055 1670 3106 S.
1690 3054 2120 3123 congregationis

109 3166 117 3174 ·
221 3144 452 3211 benigne
490 3141 682 3192 annuit
714 3144 779 3191 ut
802 3139 1235 3207 Archiepiscopus
1261 3145 1317 3191 et
1341 3140 1593 3207 Episcopi
1620 3140 1816 3207 singuli
1842 3141 2120 3191 duodecim

221 3228 530 3280 candidatos
554 3225 820 3277 missionis
844 3224 1007 3275 titulo
1031 3241 1332 3292 promovere
1352 3224 1578 3286 valeant,
1598 3225 1813 3274 servatis
1839 3225 2123 3292 praescrip-

224 3313 460 3364 tionibus
474 3312 635 3380 primi
651 3310 866 3371 indulti,
886 3310 1158 3360 contrariis
1177 3309 1595 3375 quibuscumque
1614 3308 1755 3358 haud
1776 3308 2120 3359 obstantibus.

369 3397 493 3448 Dat.
543 3396 744 3448 Romae
803 3410 870 3447 ex
904 3393 1033 3445 Aed.
1083 3392 1258 3444 dictae
1308 3392 1362 3444 S.
1414 3390 1864 3461 CongregationiS,
1915 3393 2001 3444 die
2055 3395 2120 3444 14

226 3482 435 3545 Martii,
465 3483 619 3533 1853.

1242 3561 1326 3614 Al.
1364 3560 1642 3625 BARNABo,
1676 3576 1714 3612 a
1747 3560 1979 3614 secretis.

371 3637 436 3690 L.
460 3636 513 3689 >1⁴
539 3636 593 3691 S.
