2534 4374
392 420 441 481 8
975 434 1136 476 00110.
1182 434 1349 476 PRov.
1397 434 1618 476 wner.
1664 433 1704 476 1.

540 588 587 636 1.
638 583 944 652 Capitulum
969 581 1232 633 constabit
1256 597 1319 631 ex
1344 580 1526 630 decem
1563 578 1848 643 canonicis,
1872 583 1928 632 et
1963 596 2070 632 una
2092 580 2288 652 Digni-

394 675 523 721 tate.

536 764 587 812 2.
637 762 703 811 In
752 759 975 810 dioecesi
1023 761 1202 807 tamen
1251 755 1626 822 Plymuthensi
1685 757 1885 823 poterit
1938 760 2174 809 constare
2220 774 2288 809 ex

394 846 587 897 minori
610 861 844 906 numero,
870 846 1080 893 attenta
1103 841 1433 892 sacerdotum
1456 840 1655 907 inopia.

537 940 586 987 3.
637 937 703 986 In
728 935 952 986 dioecesi
977 931 1340 1000 Newportensi
1365 935 1422 982 et
1445 931 1773 995 Menevensi,
1790 932 2088 1000 capitulum
2107 932 2288 986 cathe-

393 1022 534 1073 drale
558 1022 700 1071 idem
724 1021 824 1070 erit
847 1036 909 1068 ac
934 1017 1230 1084 capitulum
1255 1015 1610 1066 monasticum
1634 1016 1703 1067 ab
1726 1016 1900 1086 Anglo
1925 1016 2288 1071 Benedictinis

392 1108 451 1156 in
474 1123 534 1156 ea
559 1104 784 1156 dioecesi
808 1103 1133 1172 erigendum.
1348 1127 1352 1130 ·

532 1199 584 1248 4.
634 1195 809 1256 Quum
851 1197 1055 1262 praeter
1094 1192 1352 1244 dioeceses
1396 1191 1769 1257 Suthwarcen.,
1812 1191 2287 1264 Birminghamen.,

393 1282 777 1334 Salforfordien.
813 1286 868 1331 et
903 1279 1342 1348 Nottinghamen.
1381 1277 1563 1328 nullae
1597 1277 1733 1328 aliae
1768 1278 1995 1346 Angliae
2030 1280 2288 1333 dioeceses

390 1368 620 1419 ecclesiis
652 1366 919 1434 gaudeant
961 1381 1097 1432 quae
1129 1362 1450 1413 cathedrales
1475 1362 1585 1413 dici
1626 1368 1942 1426 mereantur,
1967 1363 2025 1414 in
2048 1364 2289 1431 qualibet

389 1454 495 1504 alia
519 1453 740 1503 dioecesi
777 1451 1048 1518 episcopus
1073 1447 1373 1515 designabit
1395 1447 1668 1499 ecclesiam
1691 1448 1808 1499 vice
1832 1449 2143 1502 cathedralis
2166 1467 2289 1519 pro-

390 1538 579 1588 visoria
617 1537 820 1586 ratione
859 1533 1302 1595 constituendam,
1347 1532 1514 1583 donec
1561 1532 1810 1583 idoneum
1853 1534 2132 1602 templum,
2175 1536 2287 1590 Deo

389 1623 616 1684 favente,
655 1620 1008 1688 provideatur,
1050 1636 1111 1670 60
1154 1617 1468 1670 cathedralis
1512 1616 1731 1670 ecclesia
1773 1619 2093 1690 designetur,
2129 1638 2191 1673 ac
2226 1623 2286 1675 in

388 1711 703 1776 perpetuum
733 1705 1104 1755 constituatur.

532 1801 581 1850 5.
632 1798 882 1866 Dignitas
905 1797 963 1847 in
989 1795 1212 1867 singulis
1237 1795 1489 1864 capitulis
1530 1793 1850 1867 Praepositi
1890 1795 2056 1850 titulo
2093 1796 2284 1851 distin—

386 1888 596 1954 guetur.

532 1977 580 2028 6.
630 1974 958 2044 Designandi
993 1973 1159 2026 etiam
1191 1977 1318 2026 sunt
1355 1973 1416 2025 in
1438 1989 1755 2042 unoquoque
1779 1973 2016 2043 capitulo
2040 1975 2283 2029 canonici

387 2062 661 2131 theologus
698 2065 754 2112 et
791 2060 1258 2129 poenitentiarius:
1306 2060 1402 2127 qui
1437 2062 1558 2127 post
1592 2059 1822 2126 primam
1846 2059 2284 2126 nominationem,

387 2149 630 2215 episcopo
669 2162 982 2208 concessam,
1024 2145 1093 2196 ad
1135 2146 1376 2196 tramites
1418 2160 1679 2196 sacrorum
1715 2130 1977 2195 canonum
2000 2144 2281 2215 eligantur.

390 2233 684 2287 Canonicus
725 2230 1164 2299 poenitentiarius
1202 2230 1377 2298 quoad
1417 2229 1533 2281 fieri
1580 2233 1759 2298 potest
1804 2246 1966 2298 penes
2007 2232 2284 2284 ecclesiam

387 2319 738 2370 cathedralem
762 2320 1009 2368 moretur.
1070 2315 1364 2386 Theologus
1389 2333 1508 2367 vero
1532 2333 1626 2367 suo
1651 2316 1906 2384 fimgetm·
1929 2333 2146 2370 munere
2167 2318 2283 2371 loco

387 2422 450 2455 ac
498 2404 680 2454 diebus
726 2420 819 2470 per
866 2402 1171 2470 episcopum
1213 2401 1567 2470 designandiS‚
1615 2401 1685 2452 ad
1733 2402 1975 2454 tramites
2023 2419 2284 2456 sacrorum

389 2487 695 2540 Canonum:
743 2489 877 2538 item
900 2487 1172 2554 episcopus
1195 2490 1572 2556 argumentum
1595 2486 1890 2554 praefiniet.

532 2572 581 2625 7.
633 2573 838 2641 Regula
862 2589 955 2640 pro
975 2571 1254 2624 Canonicis
1278 2571 1616 2641 designandis
1634 2572 1763 2623 haec
1781 2573 1914 2624 erit=
1939 2571 2070 2625 Post
2086 2575 2283 2643 primas

387 2659 665 2710 electiones
707 2659 906 2708 virtute
946 2657 1344 2709 commemorati
1383 2656 1555 2708 brevis
1593 2656 1887 2724 Apostolici
1922 2658 1991 2710 ab
2025 2661 2284 2730 episcopis

387 2745 547 2795 libere
596 2742 826 2805 effectaS,
873 2742 932 2792 in
978 2745 1263 2809 posterum,
1311 2742 1582 2793 observata
1629 2741 1973 2794 distinctione
2019 2746 2284 2800 mensium

388 2830 525 2880 circa
573 2828 909 2878 collationem
959 2826 1012 2878 S.
1058 2825 1209 2878 Sedis
1254 2827 1503 2894 rescripto
1549 2827 1921 2897 peragendam,
1961 2829 2021 2880 in
2066 2829 2284 2899 reliquis

388 2914 672 2976 mensibuS,
705 2912 919 2963 alternis
956 2912 1160 2963 vicibus
1201 2911 1499 2963 nominatio
1522 2911 1637 2974 fiat,
1661 2912 1745 2963 vel
1782 2912 1943 2964 libere
1965 2931 2060 2982 per
2083 2917 2284 2984 episco-

387 3017 536 3067 pum,
561 2998 645 3049 vel
686 3014 780 3064 per
820 2997 1135 3064 capitulum,
1160 3013 1222 3048 ea
1244 3001 1427 3048 tamen
1450 2997 1652 3047 ratione
1675 3001 1741 3047 ut
1764 2998 1970 3064 quoties
1993 3002 2282 3068 propositio

388 3085 456 3135 ad
480 3083 777 3151 capitulum
817 3083 1098 3149 pertineat,
1123 3086 1227 3132 tres
1252 3081 1593 3134 ecclesiastici
1630 3082 1733 3132 viri
1765 3082 1943 3146 semel,
1977 3084 2188 3149 iterum,
2224 3090 2282 3138 et

387 3169 545 3219 tertio
585 3169 827 3235 episcopo
869 3167 1228 3229 exhibeantur,
1266 3170 1332 3216 ut
1371 3166 1611 3229 idoneus,
1652 3170 1710 3217 et
1750 3166 2098 3235 undequaque
2139 3186 2282 3222 com-

387 3254 784 3304 commendatus
825 3252 893 3302 ab
934 3252 1118 3303 eodem
1160 3251 1440 3302 canonicus
1486 3251 1838 3313 instituatur3
1890 3252 2044 3304 aliter
2089 3253 2280 3309 electio

387 3337 548 3388 libere
571 3338 639 3388 ad
664 3338 967 3405 episcopum
990 3336 1270 3404 pertineat.

532 3431 579 3480 8.
634 3428 769 3480 Cum
802 3429 977 3479 desint
1011 3428 1151 3478 inter
1185 3445 1279 3479 nos
1316 3428 1642 3479 canonicales
1665 3428 2007 3496 praebendae,
2031 3433 2088 3482 et
2122 3447 2278 3484 06110-

385 3514 496 3564 11101
521 3514 605 3564 vel
629 3515 923 3564 animarum
943 3529 1112 3576 curae,
1129 3512 1214 3563 vel
1229 3513 1534 3581 juventutis
1552 3514 1883 3565 institutioni
1906 3515 1964 3565 in
1982 3516 2277 3568 seminariis

387 3615 567 3648 vacare
604 3602 669 3647 ut
709 3597 1000 3664 plurimum
1026 3597 1265 3661 debeant,
1289 3599 1392 3665 ipsi
1417 3599 1658 3650 canonici
1681 3599 1749 3650 ab
1772 3615 1926 3651 onere
1947 3600 2275 3666 residentiae,

386 3686 444 3733 et
486 3699 625 3732 sacra
667 3681 836 3733 officia
874 3682 934 3732 in
972 3681 1260 3732 cathedrali
1301 3683 1601 3752 peragendi,
1644 3685 1962 3736 auctoritate
1999 3685 2275 3752 pontificia

379 3767 720 3828 eximuntur3
763 3765 1050 3817 dummodo
1091 3765 1327 3833 quolibet
1364 3783 1543 3818 mense
1585 3768 1745 3819 semel
1780 3768 1997 3821 chorum
2020 3768 2181 3833 adire,
2217 3771 2276 3822 et
