2534 4374
421 424 541 483 116
986 437 1147 479 cose.
1194 436 1361 478 PRov.
1410 434 1635 476 waer.
1680 435 1743 475 11.

412 589 551 639 inter
576 589 894 655 crepitantes
919 585 1061 653 ignis
1086 583 1327 634 flammas
1363 599 1488 633 non·
1503 582 1621 649 jam
1662 581 1902 632 comburi
1926 585 2023 633 aut
2050 571 2321 650 jacturam

412 673 497 723 vel
521 673 804 723 minimam
828 671 964 738 pati,
989 669 1079 720 sed
1104 667 1321 736 pulchre
1357 667 1609 718 virescere
1641 683 1703 717 ac
1728 666 1991 718 florescere
2016 667 2321 735 conspexit3

412 764 531 808 tum
571 760 629 808 in
668 757 762 807 illa
805 753 1209 822 inexpugnabili
1251 753 1388 802 turri
1426 769 1459 802 a
1499 753 1631 802 facie
1673 751 1903 815 inimici,
1937 769 2002 803 ex
2035 770 2140 820 qua
2172 752 2323 803 mille
2378 774 2386 794 ι

408 843 585 910 clypei
609 843 861 909 pendent,
897 840 1171 905 omnisque
1207 842 1475 888 armatura
1510 837 1764 899 fortium3
1802 842 1921 888 tum
1956 838 2013 887 in
2039 838 2191 888 horto
2227 837 2323 887 illo

414 928 656 978 concluso
681 927 775 993 qui
800 925 971 975 nescit
995 923 1199 985 violari,
1216 939 1391 991 neque
1415 923 1680 990 corrumpi
1698 922 1824 973 ullis
1847 922 2164 973 insidiarum
2183 923 2325 974 frau-

413 1014 598 1072 dibus3
636 1016 756 1061 tum
788 1014 847 1060 in
881 1025 1092 1060 corusca
1130 1007 1226 1058 illa
1268 1007 1370 1058 Dei
1412 1007 1652 1071 civitate,
1691 1008 1844 1076 cujus
1879 1009 2230 1060 fundamenta
2265 1010 2324 1060 in

413 1097 686 1148 montibus
712 1095 942 1155 sanctis;
978 1098 1099 1144 tum
1135 1093 1195 1143 in
1231 1094 1610 1162 augustissimo
1648 1094 1744 1144 illo
1782 1094 1886 1145 Dei
1921 1094 2141 1162 temp10,
2181 1095 2324 1162 quod

413 1183 609 1232 divinis
647 1180 914 1247 refulgens
947 1178 1311 1247 splendoribus
1347 1179 1568 1246 plenum
1603 1183 1686 1229 est
1724 1179 1891 1246 gloria
1916 1179 2166 1240 Domini3
2202 1183 2326 1230 tum

413 1268 471 1316 in
495 1266 615 1317 aliis
640 1266 876 1332 ejusdem
901 1263 1107 1332 generis
1130 1264 1349 1314 omnino
1382 1263 1648 1331 plurimis,
1671 1264 1867 1331 quibus
1904 1263 2163 1315 excelsam
2201 1263 2327 1315 Dei-

413 1369 570 1419 parae
625 1350 970 1419 dignitatem,
1016 1348 1235 1416 ejusque
1295 1348 1563 1400 illibatam
1625 1350 2008 1412 innocentiam,
2071 1353 2128 1401 et
2186 1349 2327 1401 nulli

413 1453 650 1504 unquam
674 1452 840 1486 naevo
880 1432 1164 1484 obnoxiam
1202 1434 1545 1487 sanctitatem
1583 1434 1864 1505 insigniter
1894 1436 2326 1502 praenuntiatam

416 1523 575 1573 fuisse
600 1522 784 1572 Patres
810 1519 1162 1570 tradiderunt.

558 1607 642 1657 Ad
690 1607 826 1656 hanc
876 1605 1120 1656 eamdem
1168 1603 1477 1656 divinorum
1511 1622 1794 1657 munerum
1837 1606 2004 1657 veluti
2042 1623 2328 1670 summam,

414 1692 830 1760 originalemque
872 1691 1128 1758 Virginis,
1167 1690 1233 1741 de
1275 1707 1383 1760 qua
1425 1695 1583 1743 natus
1623 1696 1705 1743 est
1746 1691 1781 1742 J
1784 1709 1919 1755 esus,
1955 1693 2328 1762 integritatem

416 1777 809 1828 describendam
845 1775 1012 1826 iidem
1048 1774 1427 1842 prophetarum
1462 1776 1777 1827 adhibentes
1810 1777 2020 1844 eloquia
2042 1794 2150 1828 non
2173 1777 2330 1828 aliter

417 1865 589 1931 ipsam
633 1864 933 1931 Augustam
981 1860 1262 1929 Virginem
1306 1861 1751 1925 concelebramnt,
1793 1878 1855 1913 ac
1896 1863 1981 1913 uti
2024 1862 2328 1914 columbam

417 1949 694 2010 mundam,
739 1950 795 1998 et
846 1949 1086 1997 sanctam
1137 1945 1449 2009 Jerusalem,
1486 1951 1542 1997 et
1593 1947 1858 1999 excelsum
1908 1932 2024 1999 Dei‘
2059 1949 2329 2012 thronum,

418 2041 473 2086 et
507 2051 682 2084 arcam
709 2032 1146 2084 sanctificationis
1189 2036 1245 2083 et
1281 2032 1522 2095 domum,
1556 2049 1720 2100 quam
1757 2033 1860 2084 sibi
1896 2038 2109 2084 aeterna
2145 2033 2332 2084 aedifi-

418 2120 562 2170 cavit
611 2117 905 2185 Sapientia,
955 2122 1011 2168 et
1048 2117 1314 2187 Reginam
1353 2117 1525 2181 illam,
1570 2135 1707 2185 quae
1743 2119 1950 2170 deliciis
1998 2118 2238 2183 affluenS,
2273 2123 2331 2171 et

419 2206 603 2257 innixa
640 2221 795 2272 super
829 2203 1105 2254 Dilectum
1142 2220 1298 2254 suum
1332 2221 1397 2254 ex
1433 2221 1518 2255 ore
1551 2205 1815 2257 Altissimi
1841 2205 2077 2273 prodivit
2113 2205 2332 2257 omnino

419 2292 666 2360 perfecta,
692 2291 922 2358 speciosa
958 2307 1020 2341 ac
1055 2290 1273 2357 penitus
1310 2289 1466 2340 chara
1502 2290 1633 2354 Deo,
1656 2295 1714 2342 et
1747 2291 1895 2342 nullo
1931 2307 2166 2358 unquam
2194 2291 2330 2342 labis

422 2394 588 2428 naevo
625 2375 909 2427 maculata.
986 2373 1123 2427 Cum
1147 2392 1268 2427 vero
1292 2377 1396 2443 ipsi
1441 2374 1643 2438 PatreS‚
1678 2376 2031 2444 Ecclesiaeque
2055 2377 2331 2444 scriptores

421 2464 601 2514 animo
637 2465 918 2528 menteque
959 2464 1283 2528 reputarent,
1317 2460 1688 2512 Beatissimam
1723 2462 2002 2531 Virginem
2038 2461 2107 2512 ab
2142 2462 2332 2531 angelo

418 2547 668 2601 Gabriele
707 2546 1143 2597 sublimissimam
1191 2546 1294 2597 Dei
1342 2547 1535 2597 Matris
1575 2547 1899 2615 dignitatem
1935 2548 1986 2598 ei
2026 2548 2331 2611 nuntiante,

424 2635 588 2702 ipsius
626 2633 725 2682 Dei
763 2632 979 2683 nomine
1015 2636 1073 2683 et
1106 2632 1261 2700 jussu
1301 2633 1475 2701 gratia
1511 2632 1727 2700 plenam
1763 2632 1924 2684 fuisse
1947 2637 2333 2701 nuncupatam,

424 2722 716 2772 docuerunt
754 2717 854 2769 hac
893 2717 1151 2787 singulari
1190 2718 1514 2786 solemnique
1551 2717 1873 2769 salutatione
1899 2735 2175 2785 nunquam
2199 2719 2332 2771 alias

423 2805 610 2855 audita
646 2804 872 2866 ostendi,
907 2803 1193 2870 Deiparam
1233 2803 1394 2854 fuisse
1433 2803 1673 2854 omnium
1712 2802 2014 2854 divinarum
2038 2804 2332 2871 gratiarum

427 2892 620 2953 sedem,
636 2890 983 2956 omnibusque
998 2889 1185 2939 Divini
1205 2888 1438 2956 Spiritus
1457 2888 1863 2939 charismatibus
1881 2894 2205 2953 exornatam,
2220 2890 2332 2941 imo

420 2976 730 3026 eorumdem
748 2975 1129 3025 charismatum
1146 2973 1421 3024 infinitum
1446 2989 1608 3040 prope
1632 2973 1956 3036 thesaurum,
1981 2974 2333 3042 abyssumque

427 3060 810 3121 inexhaustam,
835 3060 966 3110 adeo
989 3063 1055 3109 ut
1089 3075 1366 3125 nunquam
1400 3057 1687 3108 maledicto
1718 3058 1960 3121 obnoxia,
1986 3063 2042 3109 et
2064 3076 2172 3109 una
2207 3077 2332 3110 cum

429 3145 570 3195 Filio
594 3149 878 3211 perpetuae
902 3144 1286 3195 benedictionis
1310 3143 1575 3211 particeps
1599 3143 1667 3193 ab
1693 3143 1968 3194 Elisabeth
1992 3143 2188 3195 Divino
2212 3148 2334 3195 acta

431 3229 635 3296 Spiritu
660 3229 843 3279 audire
866 3229 1149 3279 meruerit:
1187 3219 1485 3279 Benedicta
1520 3231 1587 3278 tu
1609 3225 1759 3279 inter
1792 3226 2072 3293 mulieres,
2097 3233 2146 3280 et
2182 3227 2335 3282 bene—

430 3311 615 3365 dictus
630 3311 863 3380 fructus
885 3310 1096 3364 ventris
1121 3311 1228 3364 tui.

575 3398 718 3448 Hinc
755 3414 862 3449 non
900 3398 1172 3449 luculenta
1209 3399 1405 3462 minus,
1436 3414 1598 3465 quam
1637 3415 1846 3449 concors
1879 3400 2184 3451 eorumdem
2217 3418 2335 3452 sen-

431 3484 622 3545 tentia,
641 3482 1085 3534 Gloriosissimam
1110 3483 1405 3552 Virginem,
1424 3484 1512 3534 cui
1537 3483 1667 3534 fecit
1689 3500 1902 3552 magna,
1920 3485 2014 3551 qui
2029 3490 2216 3552 potens
2235 3491 2334 3549 est,

428 3585 496 3618 vea
513 3568 818 3618 coelestium
837 3569 1076 3618 omnium
1095 3569 1352 3618 donorum
1376 3569 1451 3631 vi,
1475 3585 1538 3618 ea
1561 3568 1765 3637 gratiae
1788 3568 2142 3635 plenitudine,
2167 3588 2334 3637 eaque

432 3652 738 3702 innocentia
763 3653 1053 3714 emicuisse,
1078 3669 1184 3719 qua
1208 3653 1379 3703 veluti
1416 3653 1687 3704 ineffabile
1723 3653 1825 3703 Dei
1850 3654 2185 3717 miraculum,
2223 3657 2333 3708 imo

429 3736 677 3786 omnium
701 3736 1074 3787 miraculorum
1097 3753 1250 3804 apex,
1273 3754 1335 3788 ac
1360 3738 1525 3806 digna
1548 3737 1649 3788 Dei
1672 3738 1847 3788 Mater
1871 3739 2149 3802 exstiterit,
2174 3746 2230 3790 et
2264 3742 2333 3792 ad
