2534 4374
430 441 558 504 308
1001 462 1163 505 coxo.
1208 461 1389 507 PRov.
1433 463 1657 509 wEer.
1700 467 1776 509 1v.

1345 890 1430 952 X.

875 1045 975 1098 DE
1037 1045 1278 1099 CANTU
1339 1047 1909 1105 ECGLESIASTICO.

1097 1160 1193 1207 (Aa
1215 1159 1424 1200 Decretum
1451 1162 1605 1213 XIII„
1630 1163 1684 1215 3.)

542 1318 588 1370 I.
642 1317 834 1369 BREVE
869 1318 1262 1369 Arosromcms
1297 1330 1371 1369 DE
1409 1320 1808 1372 Assocu'noim
1845 1321 1898 1374 S.
1938 1321 2247 1376 ΟΑΕΟΙΗΑΕ.

1151 1472 1321 1524 PIUS
1370 1473 1479 1524 PP.
1521 1474 1622 1526 IX.

941 1596 1035 1650 Ad
1060 1597 1336 1667 suturam
1370 1597 1456 1650 rei
1490 1600 1835 1654 memoriam.

576 1725 819 1776 Multum
842 1724 911 1775 ad
934 1723 1216 1774 movendos
1240 1723 1445 1774 animos
1468 1727 1630 1791 atque
1653 1711 1723 1775 ad
1749 1725 2010 1792 pietatem
2035 1729 2338 1781 excitandos

429 1812 564 1862 sacri
599 1813 881 1862 concentus
916 1813 1154 1878 possunt,
1179 1809 1520 1860 sollemnibus
1561 1809 1824 1861 Ecclesiae
1861 1812 2338 1881 supplicationibus

432 1896 637 1959 sociati,
661 1895 948 1948 dummodo
972 1895 1053 1946 ita
1076 1895 1276 1945 fuerint
1312 1894 1603 1964 excogitati
1638 1895 1872 1965 ingenio,
1897 1901 2060 1965 atque
2084 1898 2340 1951 elaborati
2403 1944 2405 1947 .

431 1981 711 2045 industria,
751 1984 817 2031 ut
865 1980 1141 2030 sanctitati
1188 1979 1417 2030 Divinae
1459 1978 1677 2043 Domus,
1721 1981 2030 2050 rituumque
2066 1983 2338 2052 majestati

429 2067 794 2134 respondeant.
868 2065 986 2116 Hac
1009 2065 1069 2116 in
1092 2064 1422 2116 nobilissima
1446 2068 1557 2115 arte
1575 2081 1840 2116 summam
1863 2066 2101 2136 plerique
2124 2068 2338 2120 laudem

430 2153 612 2220 adepti
658 2155 800 2215 sunt,
842 2168 1066 2219 quorum
1089 2150 1300 2202 numeri
1341 2150 1410 2201 ad
1452 2153 1740 2219 augustum
1781 2151 1975 2220 templi
2011 2153 2337 2221 splendorem

427 2243 485 2289 et
523 2236 966 2288 caeremoniarum
1001 2237 1321 2306 gravitatem
1356 2235 1547 2299 exacti,
1571 2240 1834 2303 quantum
1869 2253 1902 2287 a
1936 2232 2168 2305 profanis
2203 2238 2338 2290 mol-

430 2324 671 2390 libusque
708 2322 906 2381 theatri
954 2321 1407 2373 modulationibus
1449 2321 1801 2386 abhorrerent,
1836 2325 2052 2373 tantum
2090 2327 2338 2375 sevocant
2360 2354 2376 2373 .

431 2410 633 2459 animos
676 2407 743 2458 ab
785 2408 1136 2457 humanarum
1183 2423 1358 2458 rerum
1404 2405 1680 2470 illecebriS‚
1716 2409 1878 2474 atque
1913 2407 1982 2458 ad
2029 2407 2336 2460 coelestium

429 2494 648 2561 rapiunt
702 2491 1173 2543 considerationem
1236 2490 1849 2559 contemplationemque
1897 2491 2169 2544 bonorum.
2261 2493 2337 2545 At
2367 2551 2371 2554 ,

432 2581 594 2642 enim,
618 2578 758 2646 quod
796 2577 1028 2627 maxime
1053 2575 1357 2641 dolendum,
1381 2575 1700 2644 posthabitis
1738 2575 1880 2627 hisce
1904 2577 2125 2644 optimis
2150 2577 2336 2630 Sacrae

430 2664 661 2714 Musices
685 2660 971 2729 magistriS,
996 2660 1258 2728 plerisque
1289 2661 1349 2711 in
1384 2660 1618 2728 temPIiS,
1654 2663 1769 2711 tam
1805 2661 2129 2713 nostratibus
2172 2679 2335 2730 quam

430 2747 676 2810 externiS,
701 2747 967 2815 quoddam
990 2750 1346 2797 concentuum
1369 2762 1537 2814 genus
1561 2749 1861 2813 usurpatur,
1882 2746 2099 2797 scenicis
2123 2745 2335 2799 ludibus

430 2835 587 2903 plane
629 2834 885 2902 dignum3
932 2833 1124 2883 merito
1169 2832 1365 2883 idcirco
1401 2847 1434 2882 a
1459 2831 1724 2882 canonicis
1761 2831 2138 2895 sanctionibm,
2175 2837 2335 2901 atque

381 2967 383 2969 ,
430 2938 464 2971 a
487 2918 971 2970 Praedecessoribus
1009 2917 1233 2981 Nostris,
1256 2934 1354 2968 nec
1388 2933 1496 2968 non
1531 2933 1564 2967 a
1586 2916 1753 2968 Nobis
1791 2917 1920 2984 ipsis
1956 2917 2335 2984 improbatum,

429 3006 799 3074 proscriptum.
891 3003 957 3054 Id
1005 3003 1184 3054 animo
1231 3005 1539 3069 reputantes
1587 3001 1719 3052 sacri
1766 3001 2052 3053 Antistites
2099 3002 2335 3070 plurium

430 3090 782 3153 Dioecesium,
819 3105 1042 3157 quarum
1088 3088 1293 3138 incolae
1337 3086 1652 3139 Germanice
1687 3088 1993 3155 loquuntur,
2035 3087 2237 3139 salubre
2272 3103 2335 3139 ac

432 3176 744 3246 frugiferum
791 3173 1074 3225 consilium
1122 3173 1357 3224 inierunt
1405 3173 1495 3240 pia
1531 3173 1792 3240 quaedam
1829 3173 2075 3224 sodalitia
2109 3173 2239 3241 ipsis
2275 3173 2335 3224 in

430 3260 767 3311 Dioecesibus
809 3259 1107 3322 instituere,
1146 3259 1338 3327 quibus
1373 3275 1407 3310 a
1444 3258 1639 3310 Sancta
1677 3258 1907 3310 Caecilia
1942 3276 2136 3310 nomen
2168 3258 2334 3323 fieret,

428 3350 587 3414 atque
622 3345 691 3395 ad
729 3344 865 3395 illud
902 3344 1240 3411 potissimum
1275 3343 1614 3395 intenderent
1648 3348 1712 3396 ut
1749 3343 1893 3396 Sacri
1933 3342 2229 3396 Concentus
2265 3345 2335 3396 ad

433 3431 808 3483 ecclesiasticas
844 3446 1113 3497 merasque
1155 3418 1362 3480 normas
1409 3430 1794 3480 reducerentur.
1876 3429 2040 3480 Hisce
2076 3427 2335 3479 sodalitiis

426 3517 596 3566 instar
633 3531 742 3565 esse
779 3513 1062 3564 voluerunt
1105 3511 1577 3582 Congregationem
1613 3531 1645 3564 a
1684 3513 1879 3565 Sancta
1915 3512 2162 3576 Caecilia,
2198 3529 2334 3580 quae

430 3601 752 3660 nominatur,
775 3598 963 3648 Almae
987 3597 1146 3665 hujus
1173 3597 1330 3648 Urbis
1349 3615 1364 3657 3
1401 3597 1645 3666 legesque
1670 3598 1863 3663 quibus
1898 3598 2333 3659 gubernarentur.

429 3684 525 3736 has
550 3701 684 3750 quae
709 3689 1030 3739 sequuntur:
