2534 4374
461 432 531 491 4]
543 432 585 490 2
1214 450 1456 494 Annrno
1496 450 1599 492 vn.

457 590 645 641 saltem
688 609 796 643 esse
832 591 1044 654 debent,
1059 592 1252 656 jurati,
1275 591 1381 643 fide
1423 592 1593 662 digni,
1636 597 1693 645 et
1734 596 1830 664 qui
1872 594 1936 646 de
1975 595 2117 646 facto
2157 595 2376 663 proprio

457 676 741 743 deponant,
789 677 1102 727 defunctum
1145 678 1501 747 cognoverint,
1547 695 1608 730 ac
1652 679 1762 730 sint
1803 680 1941 732 inter
1989 698 2044 732 se
2092 681 2368 733 concordes

457 761 629 826 quoad
653 761 846 823 locum,
870 764 926 811 et
964 777 1177 812 causam
1217 761 1413 824 obitus,
1455 762 1692 831 aliasque
1733 765 2104 817 substantiales
2145 766 2378 816 circum--

458 846 696 895 stantiaS.
794 843 897 905 Qui
938 845 1168 913 insuper,
1212 847 1257 897 si
1305 847 1547 898 defuncti
1595 848 1881 917 propinqui
1931 850 2057 914 sint,
2099 854 2197 902 aut
2238 849 2368 901 socii

458 930 679 993 itineriS,
695 931 1005 994 industriae,
1019 931 1104 981 vel
1120 931 1285 982 etiam
1299 932 1548 997 militiae,
1563 949 1624 985 eo
1639 935 1812 1002 magis
1826 934 2046 1003 plurimi
2065 936 2377 987 faciendum

457 1016 560 1066 erit
583 1015 797 1066 illorum
823 1017 1214 1069 testimonium.

601 1103 654 1151 4.
703 1101 983 1153 Interdum
1006 1119 1144 1154 unus
1169 1107 1383 1154 tantum
1419 1103 1575 1155 testis
1599 1105 1991 1157 ‘examinandus
2014 1105 2289 1174 reperitur,
2313 1110 2372 1158 et

459 1185 587 1236 licet
611 1186 679 1237 ab
701 1189 849 1238 omni
865 1187 988 1255 jure
1012 1189 1385 1240 testimonium
1422 1190 1584 1240 unius
1626 1191 1694 1242 ad
1727 1191 1883 1259 plene
1906 1191 2236 1259 probandum
2259 1207 2367 1243 non

458 1271 796 1335 admittatur,
837 1276 1079 1324 attamen
1119 1290 1186 1324 ne
1235 1274 1428 1343 conjux
1476 1274 1608 1326 alias
1654 1276 1872 1343 nuptias
1914 1277 2050 1327 inire
2072 1280 2382 1343 peroptanS,

460 1355 629 1405 vitam
653 1356 910 1408 coelibem
933 1374 1087 1427 agere
1111 1363 1347 1427 cogatur,
1372 1359 1539 1410 etiam
1557 1361 1716 1411 unius
1739 1361 2110 1412 testimonium
2134 1359 2382 1411 absolute-

459 1456 567 1491 non
580 1443 780 1509 respuit
795 1441 1050 1510 Suprema
1060 1441 1410 1512 Congregatio
1428 1444 1487 1494 in
1502 1444 1813 1496 dirimendis
1827 1444 2132 1513 hujusmodi
2148 1445 2381 1508 casibuS,

462 1526 748 1577 dummodo
774 1527 866 1578 ille
888 1528 1044 1580 testis
1075 1528 1347 1580 recensitis
1390 1529 1786 1581 conditionibus
1829 1530 1902 1580 sit
1924 1531 2212 1598 praeditus,
2235 1529 2372 1581 nufli

461 1610 760 1679 exceptioni
784 1612 1069 1677 obnoxius,
1110 1631 1173 1666 ac
1225 1618 1492 1683 praeterea
1545 1615 1659 1684 ejus
1710 1615 1971 1684 depositio
2019 1616 2158 1679 aliis,
2199 1616 2383 1685 gravi--

463 1697 664 1764 busque
683 1698 1023 1750 adminiculis
1047 1699 1334 1761 fulciatur3
1386 1701 1535 1768 sique
1573 1699 1682 1751 alia
1719 1700 2010 1752 extrinseca
2048 1700 2374 1752 adminicula

463 1782 645 1850 colligi
695 1785 910 1834 omnino
958 1789 1243 1851 nequeant,
1291 1783 1391 1836 hoc
1429 1789 1611 1836 tamen
1654 1789 1859 1836 certum
1900 1785 1991 1848 sit,
2015 1785 2153 1836 nihil
2177 1785 2236 1835 in
2259 1785 2374 1853 ejus

463 1869 771 1920 testimonio
794 1868 1025 1937 reperiri,
1050 1870 1192 1936 quod
1215 1885 1323 1921 non
1362 1871 1434 1921 sit
1472 1887 1782 1940 congruum,
1805 1875 1968 1940 atque
2005 1872 2220 1922 omnino
2244 1871 2387 1921 veri--

466 1953 654 2004 simile.

611 2028 660 2088 5.
713 2036 995 2106 Contingit
1017 2038 1184 2089 etiam
1208 2041 1273 2089 ut
1297 2038 1479 2090 Testes
1521 2038 1826 2090 omnimoda
1862 2038 1969 2091 fide
2007 2040 2162 2109 digni
2185 2037 2386 2091 testifi-

466 2128 651 2174 centur
693 2140 748 2173 se
787 2128 1025 2190 tempore
1063 2140 1170 2174 non
1213 2128 1456 2191 suspecto
1498 2128 1725 2176 mortem
1767 2124 2010 2193 conjugis
2049 2142 2114 2176 ex
2152 2125 2378 2175 aliorum

466 2209 807 2259 attestatione
855 2208 1135 2270 audivisse,
1183 2208 1275 2258 isti
1315 2213 1496 2259 autem
1535 2209 1619 2260 vel
1658 2209 1784 2276 quia
1827 2210 2085 2273 absentes,
2127 2210 2212 2260 vel
2251 2209 2379 2276 quia

469 2294 711 2357 obierint,
735 2293 821 2344 vel
838 2293 1000 2344 aliam
1024 2293 1092 2344 ob
1116 2311 1507 2362 quamcumque
1549 2295 1919 2346 rationabilem
1944 2311 2157 2346 causam
2182 2294 2390 2346 exami-

468 2380 583 2430 nari
606 2383 906 2447 nequeunt3
955 2383 1086 2429 tunc
1111 2379 1258 2430 dicta
1283 2396 1347 2430 ex
1371 2379 1544 2431 alieno
1568 2397 1673 2444 ore,
1705 2386 1967 2448 quatenus
1991 2379 2236 2431 omnibus
2259 2378 2386 2429 aliis

469 2466 528 2515 in
569 2480 693 2515 casu
735 2463 1165 2515 concurrentibus
1207 2464 1640 2528 circumstantiiS,
1683 2470 1780 2516 aut
1827 2464 2017 2516 saltem
2064 2464 2378 2532 urgentibus

469 2549 831 2617 respondeant,
867 2549 995 2600 satis
1031 2565 1140 2600 esse
1177 2553 1456 2600 censentur
1487 2566 1582 2617 pro
1618 2554 1874 2618 sequutae
1907 2550 2094 2602 mortis
2126 2548 2380 2621 prudenti

462 2636 683 2704 judicic.

615 2721 667 2772 6.
715 2720 931 2782 Verum,
977 2719 1122 2770 haud
1171 2719 1334 2771 semel
1381 2721 1708 2788 experientia
1755 2723 2085 2788 compertum
2137 2718 2387 2781 habetur,

471 2805 612 2873 quod
642 2821 738 2856 nec
771 2820 908 2856 unus
941 2805 1160 2871 quidem
1185 2804 1477 2872 reperiatur
1500 2805 1674 2857 Testis
1697 2805 1868 2873 qualis
1893 2821 2048 2872 supra
2071 2803 2377 2855 adstruitur.

472 2890 590 2948 Hoc
622 2891 681 2940 in
714 2906 837 2941 casu
873 2890 1115 2957 probatio
1153 2890 1331 2942 obitus
1370 2907 1434 2941 ex
1473 2890 1809 2958 conjecturis,
1846 2889 2383 2958 praesumptionibUS,

471 2975 703 3038 indiciis,
737 2978 793 3025 et
829 2974 1097 3042 adjunctis
1133 2975 1567 3042 quibuscumque,
1606 2974 1788 3026 sedula
1824 2979 1966 3025 certe
2001 2977 2058 3024 et
2092 2973 2379 3023 admodum

472 3065 630 3112 cauta
652 3059 1063 3128 investigatione
1086 3060 1318 3110 curanda
1351 3061 1471 3123 erit,
1493 3061 1574 3111 ita
1605 3061 1879 3123 nimirum,
1903 3063 1967 3110 ut
1990 3058 2230 3126 pluribus
2254 3056 2385 3108 hinc

470 3147 597 3198 inde
634 3145 885 3208 collectiS,
925 3161 1210 3212 eorumque
1246 3148 1436 3195 natura
1473 3161 1743 3213 perpensa,
1766 3148 1926 3212 prout
1959 3143 2162 3195 scilicet
2189 3159 2387 3210 urgen-

472 3233 625 3295 tiora,
660 3230 746 3282 vel
780 3230 975 3281 leviora
1010 3234 1153 3292 sunt,
1185 3246 1277 3281 seu
1313 3231 1594 3297 propriore,
1630 3231 1717 3282 vel
1751 3231 2031 3282 remotiore
2072 3247 2212 3281 nexu
2253 3245 2378 3279 cum

474 3318 698 3370 veritate
734 3316 920 3366 mortis
958 3315 1372 3384 conjunguntur,
1410 3314 1535 3365 inde
1573 3315 1848 3382 prudentis
1886 3315 1987 3366 viri
2017 3314 2286 3382 judicium
2309 3313 2379 3364 ad

474 3401 714 3452 eamdem
737 3403 963 3451 mortem
986 3385 1351 3450 affirmandam
1386 3398 1761 3465 probabilitate
1783 3401 2035 3463 maxima,
2067 3417 2160 3451 seu
2191 3398 2378 3450 morali

474 3487 795 3539 certitudine
818 3486 1110 3554 promoveri
1133 3485 1316 3553 possit.
1367 3483 1695 3551 Quapropter
1712 3485 2049 3551 quandonam
2073 3485 2132 3535 in
2157 3483 2386 3553 singulis-

473 3572 679 3624 casibus
702 3571 959 3623 habeatur
982 3587 1047 3622 ex
1070 3567 1375 3636 hujusmodi
1400 3567 1713 3635 conjecturis
1738 3567 1898 3619 simul
1921 3567 2218 3634 conjunctis
2227 3568 2379 3636 justa

474 3657 734 3725 probatio,
772 3656 831 3707 id
868 3654 1121 3724 prudenti
1163 3652 1569 3722 relinquendum
1611 3656 1691 3704 est
1724 3652 1926 3725 judicis
1964 3653 2211 3705 arbitrio:
2259 3652 2383 3703 heic

2525 640 2534 654 ..⁴
2522 558 2534 579 ,τ
2517 428 2534 542 nmmum*
2511 197 2534 413 *Akdifffx'
2503 76 2534 186 ‚QJsf
2504 35 2517 41 '⁸
2517 0 2520 3 ·
