2534 4374
484 400 612 458 :228
1045 419 1208 459 coxo.
1260 420 1427 460 Pssov.
1479 420 1696 460 wss'rM.
1743 421 1824 460 1v.

632 567 713 614 10.
754 565 819 613 In
873 581 1188 630 unaquaque
1247 565 1496 614 missione
1554 565 1864 616 conficiatur
1922 566 2234 631 archivium,
2291 587 2390 620 ceu

476 667 656 715 capsa,
694 650 777 698 vel
815 650 958 699 loeus
996 649 1318 699 sufficienter
1355 665 1519 715 capax
1551 655 1607 698 et
1640 650 1903 713 munitus,
1926 652 1984 701 in
2009 668 2115 718 quo
2139 656 2390 705 asservari

487 744 706 805 possunt
747 755 927 787 omnes
969 738 1108 799 libri,
1134 737 1344 803 aliaque
1383 737 1702 787 documenta
1744 738 1817 793 ad
1855 740 2158 791 missionem
2190 744 2389 808 pertin-

476 824 646 872 ·entia.
721 822 804 871 Ad
829 823 1071 871 tramites
1106 822 1152 871 Ι.
1189 820 1346 872 Conc.
1381 821 1624 885 Westm.,
1649 839 1811 890 quam
1844 825 2243 878 adcuratissime
2268 844 2390 878 con-

487 907 778 956 scribantur
803 909 858 955 et
882 911 1253 956 conserventur
1290 906 1411 956 libri
1448 906 1857 974 baptizatorum,
1883 902 2224 979 distinctione
2250 912 2392 962 facta

487 992 871 1057 baptismorum
906 991 1003 1041 sub
1039 992 1343 1042 conditione
1377 991 1709 1056 collatorum,
1734 993 2162 1045 confirmatorum
2194 996 2388 1062 pariter

487 1086 539 1125 ot
564 1076 950 1138 defunctorum,
976 1079 1032 1143 et
1048 1093 1229 1126 eorum
1249 1077 1342 1143 qui
1366 1077 1770 1127 matrimonium
1795 1082 2184 1147 contraxerunt,
2207 1080 2392 1130 addito

487 1162 671 1223 etiam,
698 1161 741 1210 si
765 1160 879 1210 fieri
915 1165 1111 1228 potest,
1143 1161 1276 1211 libro
1315 1162 1657 1230 sepultorum.
1731 1163 2062 1214 Archivistae
2099 1181 2292 1216 munus
2329 1183 2393 1216 ex

488 1246 660 1295 officio
719 1249 868 1295 tenet
922 1250 1091 1296 rector
1145 1247 1410 1311 ecclesiae,
1459 1247 1589 1299 licet
1637 1249 1947 1299 exercitium
1995 1250 2225 1300 muneris
2273 1249 2394 1300 aliis

490 1329 822 1378 committere
846 1328 1030 1395 possit,
1055 1328 1168 1395 ipse
1193 1333 1374 1379 tamen
1397 1346 1491 1396 pro
1521 1330 1905 1397 conscriptione
1940 1330 2195 1381 librorum
2218 1334 2277 1382 et
2300 1348 2394 1398 pro

483 1414 730 1463 custodia
764 1413 1005 1463 omnium
1037 1414 1095 1463 in
1130 1413 1363 1464 archivio
1399 1415 1747 1481 repositorum
1782 1414 2044 1465 rationem
2077 1415 2392 1466 redditurus.

492 1499 559 1548 In
585 1498 816 1549 archivio
841 1496 1129 1566 diligenter⁴
1149 1504 1470 1566 reponantur
1494 1503 1549 1550 et
1581 1504 1906 1551 asserventur
1943 1500 2123 1550 omnia
2162 1499 2397 1567 Synodo-

491 1604 606 1635 rum
625 1590 679 1636 et
696 1584 1112 1635 Provincialium
1129 1588 1185 1634 et
1199 1584 1637 1635 Dioecesanarum
1657 1585 1898 1647 Decreta,
1913 1586 2214 1636 litterarum
2229 1586 2394 1636 etiam

493 1671 744 1738 Episcopi
768 1670 1112 1738 pastoralium
1138 1670 1309 1733 serieS,
1334 1671 1675 1736 omniumque
1700 1671 1959 1738 ejusmodi
1983 1672 2396 1723 instructionum
2464 1666 2479 1672 '⁴

493 1755 748 1830 formulae
772 1756 840 1805 ab
866 1754 1142 1806 Ordinatio
1166 1755 1550 1824 promulgatae.

640 1843 664 1890 1
677 1843 723 1891 1.
760 1835 1109 1890 Meminerint
1150 1840 1487 1890 ecclesiarum
1529 1841 1655 1891 cleri
1706 1841 1982 1892 saecularis
2029 1844 2250 1891 rectores
2298 1840 2396 1891 soli
2465 1850 2512 1910 ’ἑ

496 1924 755 1990 Episcopo
797 1926 1093 1990 competere
1125 1922 1217 1989 jus
1260 1939 1417 1973 onera
1457 1922 1758 1986 Missarum,
1797 1923 1907 1974 sive
1942 1923 2052 1974 sint
2083 1922 2407 1990 temporalia¹

488 2010 604 2059 sive
639 2011 910 2075 perpetua,
948 2006 1179 2057 ecclesiis
1218 2007 1557 2074 imponendi3
1606 2011 1663 2059 et
1699 2024 1856 2058 onera
1880 2007 1998 2075 jam
2025 2008 2279 2075 imposita
2301 2024 2399 2058 nec

494 2094 693 2143 mutari
717 2109 813 2143 nec
838 2092 1013 2142 minui
1037 2109 1186 2159 posse
1211 2091 1510 2142 inconsulta
1535 2090 1731 2142 Sancta
1755 2091 1925 2143 Sede.1

453 2201 476 2225 ο
643 2181 725 2229 12.
763 2177 829 2227 Ι11
855 2177 1034 2227 Primo
1070 2175 1305 2227 Concilio
1329 2175 1619 2227 Westmon.
1637 2176 1756 2243 jam
1781 2180 2003 2226 cautum
2025 2179 2108 2226 est
2131 2192 2199 2226 ne
2222 2193 2397 2226 rerum

494 2264 842 2316 saecularium
884 2261 1399 2311 administrationem
1443 2261 1735 2328 suscipiant
1777 2261 2080 2312 sacerdotes,
2176 2261 2400 2328 Experi-

495 2352 643 2401 entia
699 2365 818 2398 vero
876 2347 1051 2397 edocti
1109 2346 1556 2413 sapientissimam
1614 2345 2024 2413 prohibitionem
2082 2345 2399 2396 arbitramur

495 2435 864 2486 renovandam.
953 2431 1173 2498 Insuper
1228 2431 1473 2481 omnibus
1529 2431 1879 2500 praecipimus
1935 2434 1999 2480 ut
2055 2431 2398 2498 pecuniarum

493 2520 791 2572 custodiam
825 2516 1059 2583 accipere
1097 2519 1398 2566 constanter
1429 2519 1696 2576 recusent3
1732 2531 1902 2582 neque
1926 2514 2151 2566 aliorum
2174 2519 2231 2565 et
2253 2531 2400 2582 prae-

497 2608 679 2658 sertim
703 2619 996 2672 pauperum
1031 2618 1277 2652 nummos
1309 2618 1468 2668 penes
1506 2619 1560 2652 se
1596 2602 1880 2664 retineant,
1905 2601 1990 2652 vel
2013 2601 2178 2651 etiam
2203 2601 2396 2667 deponi

499 2692 838 2760 permittant:
883 2705 949 2738 ne
984 2687 1068 2738 vel
1091 2691 1430 2755 peccatorum
1455 2687 1670 2737 funibus
1695 2686 2058 2753 circumplexi,
2082 2685 2167 2736 vel
2190 2687 2398 2752 propria
2433 2726 2438 2732 .

500 2781 733 2845 ipsorum
788 2773 992 2824 incuria
1048 2776 1105 2823 et
1159 2772 1490 2841 negligentia
1538 2771 1767 2839 decepti,
1817 2771 2056 2838 deposita
2105 2770 2180 2820 sic
2229 2769 2398 2837 perire

500 2866 694 2924 sinant,
718 2863 782 2910 ut
806 2860 915 2910 sint
931 2858 1174 2908 trahendi
1194 2861 1318 2907 ante
1337 2856 1624 2907 tribunalia
1634 2856 1882 2924 judicum
1901 2854 2270 2914 saecularium3
2296 2854 2398 2916 vel,

500 2947 640 3015 quod
672 2945 823 3013 pejus
866 2946 1019 3005 esset,
1052 2945 1148 2992 aut
1181 2942 1350 2992 laesae
1381 2941 1524 3003 fidei,
1558 2945 1653 2990 aut
1688 2940 1957 3003 avaritiae,
1989 2942 2086 2989 aut
2120 2938 2283 2989 etiam
2316 2938 2401 2988 in-

492 3032 743 3102 justitiae
768 3028 1079 3096 suspicione,
1103 3042 1295 3077 nomen
1321 3025 1638 3076 sacerdotale
1662 3024 1946 3075 maculent.

1180 3174 1580 3226 DECRETUM
1623 3173 1724 3223 XI.

751 3291 831 3342 De
857 3286 1066 3343 Ordme
1089 3284 1358 3338 servando
1381 3283 1450 3336 ’ἱη
1475 3283 1746 3336 Domibus
1771 3282 2151 3337 Sacer-dotum.

651 3409 699 3456 l.
737 3403 1067 3470 Presbyteria
1103 3401 1213 3450 sint
1245 3398 1443 3464 ubique
1478 3413 1599 3446 vera
1634 3396 1779 3463 pacis
1811 3399 1867 3445 et
1891 3395 2184 3458 charitatiS‚
2209 3396 2400 3446 sobrie-

500 3491 635 3540 tatis
660 3492 716 3539 et
739 3487 1029 3537 modestiae
1054 3483 1355 3542 domicilia3
1405 3482 1463 3531 in
1499 3480 1742 3531 omnibus
1778 3479 1923 3530 fideli
1958 3479 2154 3546 populo
2192 3478 2400 3547 insigne

779 3619 795 3640 ¹
818 3617 885 3658 De
903 3614 1234 3668 obligationibus
1252 3613 1492 3663 Missarum,
1515 3610 1611 3652 vide
1629 3611 1828 3650 Arrun.
1850 3610 1958 3650 VII.
1979 3622 2023 3663 p.
2055 3611 2146 3650 303.
