2534 4374
943 456 1217 498 unomen.
1898 439 2018 499 245

278 603 348 654 3⁰.
388 607 421 633 “
438 602 539 653 Pro
566 603 946 654 consuetudine
966 603 1276 672 generaliter
1302 605 1358 654 in
1385 604 1579 674 Anglia
1599 605 1829 673 vigente,
1849 605 2042 655 solutio

132 686 342 738 nummi
392 682 553 753 (door
577 683 800 754 money)
835 685 1177 736 determinati
1194 686 1355 753 juxta
1392 687 1709 754 qualitatem
1747 686 1849 737 loci
1888 704 2042 738 occu-

134 770 314 840 pandi,
357 770 425 820 ab
466 770 533 820 iis
575 770 670 837 qui
713 770 890 820 locum
933 771 1261 840 assignatum
1299 788 1405 823 non
1443 772 1659 835 habent,
1695 771 1887 823 nolunt
1925 790 2042 823 vero

134 860 310 911 locum
335 858 579 920 liberum,
605 862 668 907 ut-
693 857 866 920 aiunt,
892 874 1161 925 occupare,

277 941 350 994 4⁰.
389 947 422 973 “
441 941 727 994 Conciones
770 942 838 992 ab
879 941 1058 1009 aliquo
1102 944 1389 1011 insigniore
1431 944 1575 994 verbi
1625 943 1725 994 Dei
1774 960 2044 1011 praecone,

133 1033 255 1099 post
289 1045 419 1097 quas
454 1027 750 1095 generatim
787 1044 881 1094 pro
921 1027 1159 1090 ecclesia,
1195 1028 1277 1079 vel
1314 1046 1407 1096 pro
1440 1029 1620 1096 aliqua
1642 1030 1754 1098 ejus
1779 1036 1926 1099 parte
1953 1048 2043 1081 seu

134 1115 501 1176 attributione,
526 1112 852 1181 colliguntur
883 1112 1248 1162 assistentium
1281 1113 1658 1182 eleemosynae,
1681 1117 1774 1183 qui
1801 1132 1955 1183 saepe
1980 1132 2042 1166 ex

135 1200 256 1251 aliis
281 1197 778 1267 congregationibus
802 1201 1082 1247 occurrunt
1107 1198 1404 1265 stipemque
1430 1199 1724 1251 conferunt.

280 1283 352 1336 5⁰.
391 1288 424 1314 “
443 1281 706 1334 Collectae
743 1297 879 1348 quae
916 1281 1000 1331 vel
1032 1281 1096 1332 de
1122 1282 1278 1333 domo
1302 1282 1360 1332 in
1386 1283 1602 1334 domum
1628 1284 1770 1334 fiunt
1794 1302 1885 1353 per
1908 1286 2045 1335 viros

130 1371 203 1423 ad
226 1369 326 1420 hoc
350 1369 649 1437 deputatOS,
674 1370 770 1416 aut
793 1383 887 1435 per
911 1366 1188 1417 societates
1218 1371 1274 1418 et
1313 1367 1768 1420 confraternitates
1806 1370 2047 1439 legitime

137 1456 445 1515 institutas3
483 1453 567 1503 vel
601 1453 890 1521 exiguntur
920 1468 1012 1519 per
1045 1452 1283 1503 decurias
1316 1458 1412 1503 aut
1444 1454 1727 1517 centurias,
1751 1460 1910 1522 prout
1934 1456 2046 1506 fieri

138 1541 272 1592 solet
295 1555 328 1590 a
351 1537 609 1589 laudabili
647 1535 914 1588 Societate
950 1536 1356 1606 Propagationis
1394 1536 1550 1588 Fidei
1589 1544 1927 1607 nuncupata;
1965 1540 2047 1590 vel

125 1642 274 1695 «quae
336 1641 368 1675 a
431 1622 731 1686 ditioribuS,
796 1622 1017 1673 statutis
1079 1623 1406 1690 temporibus
1463 1628 1560 1675 aut
1608 1625 1830 1693 singulis
1879 1626 2049 1688 annis,

140 1704 461 1760 solvuntur.”

282 1793 442 1844 Porro
485 1792 544 1842 in
586 1806 830 1859 responso
875 1790 1060 1842 Sacrae
1106 1789 1541 1860 Congregationis
1589 1792 1656 1842 de
1704 1792 2051 1861 Propaganda

139 1879 291 1943 Fide,
340 1895 372 1928 a
421 1876 644 1928 Summo
693 1875 957 1927 Pontifice
1004 1877 1312 1944 approbato,
1362 1881 1417 1927 et
1465 1881 1584 1927 tum
1640 1877 1708 1927 ad
1765 1877 2053 1945 Episcopos

139 1964 380 2033 Angliae,
440 1965 560 2013 tum
617 1962 685 2013 ad
743 1960 1044 2030 Superiores
1103 1962 1364 2015 Ordinum
1414 1963 1802 2031 Religiosorum
1852 1965 1944 2031 qui
1995 1965 2050 2013 in

140 2049 335 2119 Anglia
358 2049 631 2099 missiones
656 2045 857 2098 habent
880 2048 1203 2111 transmisso,
1229 2048 1554 2099 declaratum
1579 2049 1714 2100 fuit:

290 2133 357 2185 1⁰.
394 2133 755 2184 Missionarios
779 2132 1042 2200 regulares
1078 2149 1186 2184 non
1221 2150 1331 2184 esse
1355 2134 1616 2203 obligatos
1640 2134 1709 2185 ad
1733 2134 2051 2186 reddendam

140 2218 417 2289 Episcopis
455 2218 718 2269 rationem
754 2218 1014 2270 bonorum
1038 2235 1174 2286 quae
1210 2219 1279 2269 ad
1316 2219 1457 2287 ipsos
1494 2218 1753 2289 regulares
1789 2237 1895 2287 qua
1919 2221 2053 2271 tales

142 2306 429 2373 pertinent.

286 2391 359 2441 2⁰.
397 2389 685 2459 Episcopos
701 2391 793 2458 jus
828 2391 1020 2443 habere
1056 2394 1139 2454 ut,
1180 2391 1366 2443 eodem
1403 2392 1562 2443 modo
1599 2408 1704 2459 quo
1743 2408 1775 2441 a
1813 2391 2054 2459 parochis

129 2476 269 2527 cleri
317 2474 596 2526 saecularis
643 2476 904 2526 rationem
953 2477 1162 2544 exigere
1209 2478 1448 2543 possunt,
1498 2476 1578 2526 ita
1626 2492 1658 2526 a
1710 2476 2055 2527 missionariis

141 2560 398 2631 religiosis
444 2563 622 2628 petere
670 2565 868 2628 queant
915 2560 1178 2611 rationem
1226 2560 1482 2610 bonorum
1542 2576 1677 2627 quae
1740 2562 1866 2611 data
1930 2566 2054 2612 sunt

143 2647 484 2698 missionibus
547 2651 644 2697 aut
705 2646 1048 2697 missionariis
1110 2645 1438 2715 regularibus
1486 2646 1694 2696 intuitu
1742 2646 2052 2697 missionum

130 2733 335 2802 -quibus
360 2732 615 2799 adscripti
641 2735 783 2782 sunt.

286 2818 372 2869 Ad
407 2834 555 2868 casus
591 2817 779 2868 dubios
821 2817 964 2884 quod
1006 2817 1223 2881 attinet,
1268 2816 1425 2869 Sacra
1469 2816 1819 2887 Congregatio
1862 2819 2054 2869 statuit

144 2904 433 2973 Episcopos
458 2906 515 2953 et
538 2903 822 2970 superiores
846 2902 1108 2971 regulares
1140 2903 1409 2953 communi
1446 2918 1699 2953 consensu
1734 2919 1820 2953 eos
1860 2902 2055 2952 solvere

133 2991 364 3051 *debere;
426 3006 592 3057 quum
649 3005 771 3039 vero
828 2988 1062 3039 diversae
1120 2987 1394 3055 opiniones
1451 2987 1721 3038 conciliari
1769 2994 2056 3055 nequeunt,

131 3075 553 3128 controversiam
578 3074 646 3125 ad
673 3072 925 3125 Sanctam
951 3072 1145 3124 Sedem
1169 3073 1495 3124 referendam
1520 3073 1666 3123 esse.1

291 3164 342 3213 2.
380 3161 449 3211 In
473 3159 720 3210 omnibus
744 3158 976 3210 ecclesiis
995 3175 1130 3226 quae
1154 3174 1187 3208 a
1210 3158 1555 3209 missionariis
1575 3158 1686 3209 sive
1705 3158 2055 3208 saecularibus

133 3244 257 3295 -sive
297 3242 622 3312 regularibus
665 3241 1047 3303 deserviuntur,
1090 3244 1216 3291 taxa
1259 3257 1395 3307 quae
1439 3239 1659 3290 solvitur
1707 3257 1800 3306 pro
1850 3240 2053 3290 sedium

147 3346 238 3380 seu
275 3328 524 3379 locorum·
549 3327 906 3396 assignatione
943 3326 1102 3376 debet
1140 3326 1208 3376 ab
1248 3326 1511 3393 Episcopo
1547 3324 1855 3391 approbari3
1905 3329 1962 3375 et
1996 3325 2050 3375 in

133 3413 392 3466 omnibus
415 3413 535 3464 aliis
565 3413 796 3464 ecclesiis
833 3411 1062 3480 publicis
1102 3415 1227 3461 taxa
1266 3410 1423 3461 debet
1462 3426 1569 3460 esse
1609 3409 1889 3459 conformis
1929 3427 2052 3461 cum

146 3498 342 3569 regulis
389 3498 448 3548 in
496 3497 720 3548 dioecesi
770 3497 1005 3548 statutis.
1089 3496 1313 3562 Insuper
1360 3494 1428 3544 ad
1477 3493 1801 3560 Episcopum
1852 3498 2057 3561 spectat

235 3647 250 3670 ¹
274 3647 386 3689 Vide
403 3648 603 3688 Arnum.
626 3647 709 3687 XI.
732 3659 774 3700 p.
794 3648 896 3696 3123
929 3648 972 3688 et
990 3646 1191 3686 Arnum.
1214 3645 1323 3685 XII.
1345 3658 1387 3697 p.
1412 3646 1503 3695 313,
1527 3644 1578 3685 de
1597 3644 1719 3685 bom’s
1738 3644 1936 3698 Regular.
