2534 4374
483 423 605 484 174
1031 437 1194 482 conc.
1240 439 1412 483 Pssov.
1457 440 1676 484 wEer.
1722 444 1810 484 111.

467 602 592 636 -cum
632 585 831 653 junior,
873 586 1180 653 praesertim
1228 587 1275 637 si'
1321 586 1545 655 pedibus
1591 588 1961 653 incedendum,
2008 589 2200 642 melius
2238 607 2367 643 onus

470 674 678 738 portare
701 670 916 720 valebit.

613 767 883 835 Quidquid
921 784 1041 818 vero
1080 767 1332 836 Episcopi
1374 768 1560 837 quovis
1599 770 1705 822 alio
1729 769 1946 823 meliore
1968 771 2125 824 modo
2148 772 2290 826 inter
2312 791 2368 826 se

468 855 526 904 in
549 853 648 904 tali
673 870 795 904 casu
819 853 1160 903 convenerint
1183 852 1439 905 habeatur
1461 871 1556 921 pro
1573 859 1719 907 rato:
1752 855 1889 907 salus
1908 858 2050 908 enim
2068 858 2366 910 animarum

466 941 525 989 in
566 939 751 1006 primis
788 938 1103 1006 quaerenda,
1141 953 1240 991 nec
1282 939 1349 990 de
1386 940 1562 1004 mod0,
1600 941 1646 992 si
1676 940 1848 1006 licito,
1876 942 2107 994 nimium
2140 943 2366 996 sollicite

464 1028 548 1076 est
572 1024 931 1094 cogitandum.

1089 1223 1494 1279 DECRETUM
1553 1225 1737 1280 XVII.

984 1378 1067 1438 De
1118 1383 1498 1440 Gathedratico
1546 1385 1819 1442 solvendo.

605 1556 789 1610 Emus.
815 1558 1118 1611 Praefectus
1162 1558 1216 1611 S.
1243 1559 1681 1630 Congregationis
1719 1561 1784 1614 de
1827 1559 1890 1615 P.
1913 1559 1980 1614 F.
2004 1565 2223 1616 nomine
2246 1563 2360 1617 EE.

461 1646 571 1697 ΡΡ.
596 1647 742 1697 illius
785 1645 839 1698 S.
867 1645 1104 1709 Consilii,
1127 1662 1220 1714 per
1253 1646 1458 1698 litteras
1483 1647 1571 1698 die
1600 1649 1663 1697 12
1690 1646 1820 1700 Feb.
1847 1650 2101 1700 currentis
2124 1652 2269 1714 anni,
2293 1653 2360 1703 ad

462 1731 702 1782 Illmum.
729 1735 785 1782 et
809 1731 1023 1783 Rmum.
1050 1731 1115 1782 D.
1144 1731 1469 1800 Episcopum
1512 1732 1972 1801 Liverpolitanum
1996 1735 2165 1799 dataS,
2188 1736 2362 1788 voluit·

460 1817 792 1868 committere
839 1817 964 1868 huic
1019 1816 1229 1886 Synodo
1278 1818 1601 1870 Provinciali
1649 1819 1812 1870 dubia
1861 1824 2040 1871 exorta
2087 1822 2147 1872 in
2193 1822 2360 1889 ipsius

458 1904 698 1955 Dioecesi
733 1904 871 1955 circa
908 1902 1335 1956 cathedraticum
1374 1905 1657 1971 quotannis
1706 1904 1970 1973 Episcopo
2017 1894 2357 1959 solvendum:

458 2006 593 2057 quae
635 1990 852 2057 quidem
893 1989 1056 2040 dubia
1098 2006 1131 2039 a
1173 1987 1453 2040 Sacerdote
1485 2005 1578 2041 suo
1614 1988 1934 2041 Dioecesano
1970 1991 2039 2042 ad
2074 1991 2130 2043 S.
2169 1991 2359 2045 Sedem

458 2076 684 2126 deducta
734 2078 877 2138 sunt,
918 2078 983 2125 ut
1031 2074 1161 2141 quid
1208 2075 1267 2124 in
1315 2075 1421 2125 ista
1468 2075 1778 2142 praesertim
1827 2075 2068 2129 Dioecesi
2116 2078 2255 2130 circa
2297 2097 2358 2131 ea

458 2161 749 2212 tenendum
810 2163 945 2211 esset
1005 2160 1382 2211 decerneretur.
1491 2160 1653 2212 Porro
1712 2161 1828 2228 ipsa
1891 2161 1946 2213 S.
2009 2161 2358 2234 congregatio

457 2249 688 2317 plurima
726 2264 791 2298 ex
832 2247 950 2297 istis
999 2245 1193 2311 dubiis,
1233 2245 1621 2314 sapientissime
1662 2251 1729 2298 ut
1771 2247 1920 2312 solet,
1966 2250 2267 2302 enucleavit
2301 2255 2359 2303 et

457 2333 631 2385 solvit.

599 2439 683 2489 Ad
722 2438 973 2506 quintum
1015 2454 1136 2489 vero
1179 2436 1420 2501 dubium,
1461 2435 1688 2506 gradum
1737 2438 1882 2490 sistit
1924 2438 1980 2492 S.
2007 2438 2356 2511 Congregatio

456 2525 597 2576 hisce
622 2524 792 2574 verbis
812 2540 827 2584 3
854 2527 887 2553 ‘⁶
904 2523 1102 2586 Dilata,
1120 2527 1176 2574 et
1195 2524 1498 2590 exquiratur
1513 2526 1698 2573 votum
1719 2521 1943 2574 Concilii
1962 2524 2356 2579 Provincialis.‘'

457 2612 698 2663 Dubium
721 2609 820 2661 hoc
844 2610 1096 2677 quintum
1116 2608 1457 2676 sequentibus
1475 2608 1693 2659 vocibus
1718 2610 2066 2677 exprimitur:
2105 2616 2139 2642 “
2160 2612 2356 2664 Utrum

452 2696 736 2747 conveniat
779 2694 832 2746 S.
860 2694 984 2745 Sedi
1028 2694 1375 2744 determinare
1417 2709 1681 2743 summam
1725 2693 2028 2746 solvendam
2051 2695 2151 2748 hoc
2174 2697 2357 2761 titulo,

457 2783 516 2833 in
538 2781 734 2850 Anglia
757 2782 813 2831 et
838 2779 1114 2847 speciatim
1137 2779 1196 2828 in
1219 2777 1458 2829 Dioecesi
1483 2778 1880 2847 Liverpolitana
1898 2779 1923 2831 Ρ
1939 2779 1968 2804 ”

597 2886 717 2938 Duo
764 2903 885 2955 ergo
933 2885 1084 2936 nobis
1132 2884 1221 2935 hic
1268 2885 1616 2935 remittuntur
1676 2885 2010 2938 deliberanda
2069 2887 2135 2939 de
2182 2888 2355 2942 valore

453 2972 816 3027 cathedratici
839 2975 896 3022 et
910 2970 1120 3038 judicio
1147 2970 1200 3022 S.
1227 2968 1378 3021 Sedis
1402 2969 1780 3022 submittenda.

603 3078 650 3126 1.
702 3074 842 3135 Quid
889 3074 950 3124 in
998 3074 1169 3140 specie
1206 3072 1487 3123 conveniat
1526 3071 1580 3123 S.
1625 3069 1751 3123 Sedi
1789 3071 2010 3127 definire
2050 3074 2118 3128 de
2160 3073 2352 3129 Gathe-

448 3163 657 3215 dratico
683 3159 830 3211 Clero
866 3157 1261 3225 Liverpolitano
1285 3157 1629 3208 conveniente
1647 3157 1673 3210 ἓ

600 3266 650 3314 2.
701 3261 843 3322 Quid
867 3260 1161 3329 generatim
1185 3276 1278 3327 pro
1303 3258 1500 3327 Anglia
1524 3228 1868 3312 statuendum
1881 3259 1908 3314 ἓ

597 3369 681 3420 Ad
718 3368 950 3436 primum
992 3366 1309 3433 quaesitum,
1331 3381 1388 3415 re
1429 3369 1669 3416 accurate
1706 3368 2014 3433 ponderata,
2036 3373 2351 3439 responden-

450 3456 584 3508 -dum
608 3469 892 3515 censemus,
918 3466 1179 3502 summam
1221 3449 1380 3500 unius
1422 3449 1585 3500 librae
1610 3451 1911 3521 sterlingae,
1936 3454 2121 3506 habita
2144 3459 2350 3510 ratione

450 3539 774 3592 vconditionis
798 3541 854 3588 et
877 3537 1042 3588 bonae
1078 3535 1367 3586 voluntatis
1409 3535 1555 3585 illius
1588 3535 2041 3589 aedificantissimi
2065 3541 2206 3605 cleri,
2242 3559 2349 3595 non

453 3641 561 3675 esse
602 3624 826 3674 nimiam
867 3621 953 3672 vel
995 3635 1291 3671 onerosam:
1330 3619 1472 3687 quod
1510 3619 1700 3671 clarius
1738 3621 1945 3688 patebit
1987 3640 2051 3674 ex
2100 3631 2348 3693 sequente

454 3709 799 3776 responsione.
