2534 4374
1108 497 1382 541 naemu.
2111 482 2196 541 15

295 648 482 716 Isuper
521 646 817 699 notandum
860 646 1022 715 quod,
1071 646 1163 698 ubi
1205 644 1436 714 parochi,
1475 660 1567 696 seu
1614 648 1837 698 rectores
1884 645 2196 697 missionarii

296 734 573 797 habentur,
597 733 666 784 ad
690 732 830 802 ipsos
862 731 1111 784 solemnis
1144 730 1397 799 baptismi
1426 730 1639 782 collatio
1678 735 1900 799 spectat,
1938 732 2095 799 idque
2134 748 2197 781 ex

296 836 475 872 eorum
500 819 654 870 venia
678 818 774 870 alii
798 818 1088 871 sacerdotes
1113 821 1398 886 praestant.

439 913 491 962 2.
542 910 734 963 Oleum
783 910 1281 963 catechumenorum
1321 914 1377 960 et
1412 913 1654 960 sanctum
1694 908 1937 971 chrisma,
1980 924 2200 969 necnon,

296 999 341 1048 si
379 997 571 1065 placet,
616 997 708 1061 sal,
750 1001 805 1048 et
837 996 944 1048 alia
986 997 1054 1047 ad
1092 996 1346 1063 baptismi
1379 994 1897 1046 administrationem
1930 993 2198 1061 requisita,

297 1083 355 1133 in
399 1082 727 1150 baptisterio,
771 1081 857 1132 vel
899 1081 1089 1132 saltem
1134 1082 1190 1132 in
1232 1082 1468 1144 sacrari0,
1509 1081 1739 1143 seorsim,
1782 1085 1839 1131 et
1880 1097 2003 1131 cum
2051 1078 2196 1130 omni

298 1168 602 1231 reverentia,
647 1172 703 1218 et
745 1182 952 1217 summa
991 1183 1115 1216 cum
1160 1166 1444 1228 munditie,
1493 1170 1834 1217 asserventur.
1934 1164 2001 1216 In
2050 1165 2198 1216 novis

298 1254 529 1305 ecclesiis
566 1252 923 1314 aedificandis,
960 1256 1296 1319 praeparetur
1331 1251 1476 1303 locus
1511 1252 1570 1302 in
1605 1268 1711 1320 quo
1745 1251 2107 1315 recondantur,
2140 1252 2196 1302 in

299 1341 414 1408 ipso
438 1338 766 1407 baptisteriO.

445 1434 496 1482 3.
546 1430 704 1482 Liber
727 1430 861 1480 item
886 1429 1273 1496 baptizatorum
1297 1446 1330 1479 a
1362 1423 1625 1480 sacerdote
1649 1427 1828 1479 sedulo
1859 1434 1916 1479 et
1950 1433 2105 1479 caute
2142 1430 2197 1479 in

300 1517 519 1568 sacrario
545 1521 792 1578 servetur,
812 1515 869 1565 in
888 1531 992 1582 quo
1007 1515 1395 1583 baptizatorum
1419 1531 1620 1565 necnon
1636 1514 1833 1581 patrini
1858 1530 1919 1563 ac
1943 1514 2200 1564 matrinae

299 1603 517 1655 nomina
558 1602 627 1653 ab
670 1603 783 1669 ipso
827 1601 1109 1663 sacerdote,
1152 1601 1318 1650 forma
1359 1600 1622 1667 injuncta,
1666 1599 2091 1659 conscribantur;
2144 1607 2201 1650 et

299 1687 634 1738 uniformitas
652 1687 710 1736 in
734 1686 801 1736 iis
816 1685 1201 1736 conscribendis
1225 1702 1317 1752 per
1335 1689 1506 1735 totam
1530 1684 1857 1751 provinciam
1883 1684 2199 1735 obtineatur.

443 1781 496 1830 4.
546 1778 855 1846 Baptismus
893 1778 951 1828 111
994 1777 1103 1828 sola
1145 1777 1364 1828 ecclesia
1398 1776 1557 1827 debet
1592 1778 1966 1839 administrari,
2002 1778 2104 1827 nisi
2145 1779 2199 1827 in

299 1866 504 1917 casibus
528 1866 587 1915 in
613 1864 822 1915 Rituali
848 1864 1082 1931 exceptis
1103 1881 1117 1923 3
1152 1867 1209 1914 et
1232 1863 1466 1931 quidem,
1494 1862 1692 1914 secluso
1717 1880 1840 1914 casu
1859 1863 2100 1930 periculi,
2121 1864 2200 1914 vel

299 1951 473 2019 gravis
515 1949 857 2012 incommodi,
895 1964 1003 1999 non
1051 1949 1164 2000 sine
1212 1949 1443 2016 episcopi
1491 1948 1765 2016 permissu.
1848 1948 2204 2016 Excipiuntur

278 2035 625 2103 ,baptismata
649 2051 785 2102 quae
809 2034 869 2085 in
905 2034 1223 2085 stationibus
1246 2051 1278 2084 a
1313 2034 1596 2101 principali
1632 2033 1849 2084 ecclesia
1886 2051 1977 2085 seu
2014 2035 2202 2086 sacello

299 2121 515 2172 remotis
539 2121 992 2183 administrantur,
1020 2120 1231 2188 quando
1256 2136 1343 2171 eas
1367 2119 1617 2183 sacerdOS‚
1642 2120 1862 2171 statutis
1886 2120 2201 2188 quibusdam

272 2222 274 2224 ¹
300 2190 644 2271 temporibus,
662 2202 746 2254 vel
770 2207 1002 2266 vocatuS,
1027 2203 1231 2254 invisit.

444 2296 495 2347 5.
544 2294 666 2347 Non
714 2295 1071 2346 admittantur
1117 2296 1316 2363 patrini
1365 2295 1450 2348 vel
1497 2296 1756 2348 matrinae
1803 2298 1898 2365 qui
1945 2314 2048 2348 non
2094 2298 2201 2348 sint

300 2380 568 2445 catholici,
618 2381 702 2433 vel
750 2382 844 2450 qui
890 2398 923 2432 a
956 2382 1079 2449 jure
1127 2381 1514 2433 excluduntur:
1569 2383 1842 2446 nimirum,
1890 2383 2205 2451 impuberes,

299 2467 745 2518 excommunicati
780 2467 884 2534 maj
892 2467 969 2518 ori
1008 2468 1568 2531 excommunicatione,
1612 2468 1847 2519 nondum
1888 2468 2203 2530 confirmati,

299 2552 392 2618 qui
417 2551 677 2619 paschalis
702 2553 1089 2604 communionis
1113 2556 1453 2619 praeceptum
1476 2568 1583 2604 non
1618 2553 1948 2620 adimplent:
1987 2553 2199 2604 demum

299 2636 656 2688 ecclesiastici.
733 2636 892 2689 Curet
916 2638 1150 2689 sacerdos
1175 2640 1255 2700 ut,
1288 2641 1500 2704 propter
1536 2638 1830 2704 periculum
1867 2638 1991 2689 fidei
2028 2638 2202 2688 infan-

299 2723 439 2772 tium
463 2722 621 2773 facile
652 2722 1000 2774 obventurum
1036 2727 1157 2791 post
1192 2726 1418 2774 mortem
1454 2727 1754 2790 parentum,
1790 2723 1964 2786 ambe,
1993 2723 2201 2790 quoties

298 2806 412 2859 fieri
437 2807 622 2875 possit,
647 2806 1012 2859 adhibeantur.

442 2900 492 2951 6.
543 2898 822 2967 Baptizare
845 2904 1022 2968 potest
1046 2898 1279 2951 sacerdos
1303 2897 1533 2950 infantes
1557 2899 1862 2966 parentibus
1893 2899 2201 2950 acatholicis

297 2988 467 3047 natos,
509 2985 796 3036 dummodo
838 3002 1115 3036 consensus
1156 2984 1410 3035 habeatur
1448 3000 1534 3035 eos
1569 2985 1627 3034 in
1665 3001 1784 3034 vera
1815 2984 2066 3053 religione
2091 3002 2199 3035 esse

299 3069 612 3132 educandOS,
638 3075 694 3120 et
717 3070 1007 3137 patrinum,
1033 3087 1124 3122 seu
1148 3071 1451 3130 matrinam,
1477 3070 1791 3120 catholicam
1817 3069 2061 3120 habeant.

443 3158 493 3211 7.
546 3158 680 3211 Cum
704 3162 875 3228 magis
910 3160 1232 3212 invaluerint
1268 3177 1455 3211 causae
1490 3177 1626 3227 quae
1661 3162 1864 3212 animos
1888 3162 2195 3212 vicariorum

298 3245 723 3312 apostolicorum,
747 3246 967 3297 ineunte
991 3246 1090 3297 hoc
1115 3246 1337 3308 saecu10‚
1371 3246 1712 3312 impulerunt,
1750 3250 1814 3295 ut
1850 3246 2202 3309 decernerent,

298 3346 478 3381 omnes
502 3335 624 3398 post
647 3347 847 3381 annum
876 3330 1014 3382 1773
1039 3335 1208 3393 natOS,
1242 3335 1298 3381 et
1333 3331 1472 3380 inter
1507 3335 1854 3397 protestantes
1888 3330 2197 3397 baptizatam,

296 3432 565 3467 conversos
589 3416 657 3467 ad
672 3416 852 3479 fidem,
873 3434 979 3468 esse
1004 3417 1345 3484 baptizandos
1361 3416 1456 3467 sub
1475 3416 1794 3477 conditione,
1813 3415 1946 3465 hanc
1962 3415 2194 3482 regulam

296 3500 535 3552 absolute
595 3502 925 3564 innovamus,
984 3501 1379 3569 praecipiente8‚
1443 3518 1622 3552 omnes
1681 3517 1714 3551 a
1769 3501 2197 3568 protestantismo

298 3602 566 3636 conversos
602 3602 711 3636 esse
746 3586 1088 3653 baptizandos
1131 3586 1511 3647 conditionate,
1550 3586 1653 3636 nisi
1697 3602 1760 3635 ex
1805 3585 2038 3635 indubiis
2080 3602 2198 3652 pro-

298 3669 602 3720 bationibus
640 3670 930 3720 certissime
967 3673 1173 3720 constet
1208 3670 1266 3719 in
1301 3669 1534 3736 ipsorum
1571 3668 1833 3735 baptismo
1876 3667 2055 3717 omnia
2096 3668 2195 3718 rite

296 3754 455 3805 fuisse
479 3758 708 3822 peracta,
733 3754 906 3821 quoad
930 3753 1182 3804 materiae
1208 3758 1263 3804 et
1288 3754 1484 3804 formae
1508 3753 1936 3821 applicationem.

439 3841 491 3889 8.
541 3839 867 3907 Hujusmodi
928 3838 1223 3906 baptismus
1282 3855 1387 3889 non
1436 3838 1533 3888 fiat
1580 3838 1791 3906 publice
1839 3838 1927 3888 sed
1982 3837 2197 3888 omnino
