2534 4374
958 497 1238 540 nicenam.
1924 485 2046 545 253

140 649 446 719 nuperrime
493 647 747 698 invectae.
824 644 992 698 Periit
1032 647 1176 698 enim
1219 645 1490 698 Catholica
1539 666 1600 700 ea
1650 654 1702 699 et
1755 648 2050 701 Christiana

144 736 315 807 gloria
356 750 517 802 quam
561 733 699 783 inter
741 750 920 784 earum
964 733 1312 784 fundamenta
1355 734 1601 802 deposuit
1643 735 1838 787 Sancta
1879 736 2051 787 Mater

150 821 409 874 Ecclesia:
464 819 626 888 periit
675 820 838 870 etiam
888 819 1157 887 primaeva
1213 819 1470 870 revelatae
1529 820 1767 871 veritatis
1817 821 2050 883 traditio,

149 925 350 961 necnon
390 923 452 959 ea
494 906 794 957 litterarum
838 910 895 957 et
938 907 1278 957 scientiarum
1322 923 1464 956 sacra
1502 906 1727 969 cultura,
1769 924 1874 974 qua
1922 907 2049 957 Jcsu

140 993 398 1062 discipuli
438 996 495 1044 et
532 990 634 1042 Dei
676 990 796 1053 filii,
821 991 1003 1041 divina
1036 990 1428 1041 illuminatione
1453 991 1647 1058 perfusi
1674 992 1739 1041 ad
1767 992 2049 1059 perfectam

151 1080 379 1131 hominis
403 1077 768 1130 excellentiam
807 1076 938 1127 olim
971 1076 1380 1127 adducebantur.
1457 1077 1619 1127 Extra
1645 1076 1969 1128 Catholicam
1997 1086 2051 1126 et

152 1165 445 1216 Romanam
472 1163 765 1214 Ecclesiam
798 1161 991 1212 nullibi
1027 1161 1284 1228 reperitur
1321 1161 1626 1211 individuus
1657 1162 1894 1212 omnium
1922 1163 2052 1211 veri-

151 1255 327 1302 tatum
352 1253 409 1301 et
431 1248 688 1299 naturalis
723 1251 779 1299 et
812 1245 1220 1314 supernaturalis
1264 1245 1461 1295 ordinis
1497 1261 1683 1306 nexus;
1723 1262 1827 1313 quo
1853 1246 2051 1308 relicto,

151 1336 287 1387 ratio
329 1335 495 1386 etiam
537 1334 769 1384 humana
818 1333 1093 1383 obscurata
1118 1331 1282 1393 labat,
1308 1334 1363 1381 et
1401 1330 1517 1398 ipsa
1540 1330 1769 1381 hominis
1811 1336 1996 1382 natura
2022 1349 2053 1382 a

151 1417 508 1471 similitudine
534 1414 834 1467 Conditoris
869 1414 1160 1465 deformata
1184 1411 1446 1480 dejicitur.
1520 1411 1688 1472 Quare
1713 1420 1950 1462 nostrum
1973 1419 2053 1463 est

139 1506 297 1557 -omni
333 1503 551 1573 provida
586 1501 903 1564 constantia,
943 1517 1078 1568 quae
1121 1515 1291 1567 neque
1334 1515 1426 1566 per
1467 1499 1640 1549 minas
1682 1497 1825 1549 flecti
1862 1505 2053 1566 potest,

150 1607 318 1658 neque
341 1607 434 1658 per
458 1588 726 1639 illecebras
750 1587 915 1649 allici,
940 1585 1337 1636 immutabilem
1362 1584 1512 1635 illam
1538 1601 1569 1635 a
1594 1585 1840 1635 Patribus
1865 1586 2054 1636 nostris

141 1679 424 1743 acceptam
451 1672 754 1725 Catholicae
779 1671 1136 1723 institutionis
1160 1670 1473 1722 methodum
1498 1686 1714 1733 servare,
1733 1671 1889 1732 tueri,
1907 1675 1963 1721 et
1987 1671 2052 1721 ad

151 1764 383 1829 posteros
407 1760 608 1810 tradere
634 1759 965 1810 inviolatam.
1041 1756 1115 1807 Et
1151 1773 1255 1824 quo
1289 1756 1387 1807 hoc
1425 1757 1653 1807 securius
1678 1760 1734 1807 et
1758 1757 1917 1807 citius
1941 1756 2054 1819 fiat,

147 1844 309 1896 Sacra
334 1842 703 1914 Congregat10‚
728 1861 864 1912 quae
900 1860 1039 1895 anno
1069 1843 1224 1906 1868,
1243 1842 1497 1911 probante
1531 1841 1753 1893 Summo
1779 1841 2054 1905 Pontifice‚

153 1929 439 1998 Episcopos
481 1930 708 2000 Angliae
750 1931 819 1982 ad
863 1930 1181 1999 capiendum
1223 1930 1505 1981 consilium
1532 1930 1597 1981 de
1624 1928 1896 1981 Catholica
1921 1929 2055 1981 Uni-

148 2015 398 2067 versitate
422 2015 480 2066 in
504 2016 699 2085 Anglia
718 2034 811 2068 suo
829 2019 1067 2086 tempore
1097 2018 1344 2086 erigenda
1376 2016 1701 2085 jampridem
1719 2017 2054 2082 invitaverat,

151 2099 374 2151 ineunte
405 2101 504 2153 hoc
540 2102 655 2170 ipso
688 2119 826 2154 anno
862 2120 957 2155 nos
989 2104 1186 2155 iterum
1221 2103 1543 2173 gravissimis
1566 2103 1844 2154 admonuit
1868 2104 2056 2166 verbiS,

152 2187 253 2239 Dei
277 2188 503 2257 gloriam
528 2194 689 2257 atque
713 2191 1012 2242 animarum
1050 2191 1277 2242 salutem
1303 2191 1361 2242 in
1385 2191 1682 2259 praesentia
1706 2191 1969 2259 postulare
1994 2197 2055 2241 ut

152 2276 289 2327 nihil
314 2277 646 2329 intentatum
688 2295 720 2329 a
761 2278 912 2330 nobis
943 2278 1273 2346 relinquatur
1297 2295 1401 2346 quo
1426 2277 1764 2331 difficultates
1790 2278 2056 2330 Universi-

153 2365 283 2415 tatis
309 2361 609 2415 Catholicae
634 2366 950 2417 erectionem
974 2365 1299 2416 retardantes
1325 2365 1554 2432 superari
1579 2364 1819 2432 possint.¹

300 2452 349 2501 9.
400 2449 567 2510 Quare
603 2449 748 2502 hisce
782 2467 1055 2519 supremae
1090 2451 1426 2502 auctoritatis
1464 2450 1659 2502 litteris
1697 2451 2053 2518 obsequentes,

153 2537 440 2588 statuimus
464 2553 558 2588 nos
582 2538 720 2588 nihil
743 2537 1074 2589 intentatum
1098 2538 1388 2600 relicturOS,
1406 2537 1526 2588 aliis
1550 2537 1822 2588 nobiscum
1847 2555 2055 2605 cooper-

146 2621 386 2685 antibus
405 2638 509 2689 quo
528 2623 921 2675 constituantur
946 2622 1197 2694 Collegia,
1216 2628 1273 2675 et
1291 2623 1595 2674 efformetur
1619 2623 2052 2673 Examinatorum

147 2721 342 2772 corpus
389 2705 458 2756 ad
504 2708 830 2774 provectiora
879 2709 1056 2760 studia
1107 2725 1282 2760 annuo
1329 2708 1571 2760 examine
1619 2708 1900 2775 probanda,
1939 2725 2055 2774 pro-

155 2790 430 2854 movenda,
456 2794 512 2841 et
540 2792 702 2860 juxta
742 2794 934 2845 merita
971 2795 1219 2863 praemiis
1262 2794 1521 2856 donanda,
1547 2796 1603 2844 et
1634 2793 1700 2843 ad
1734 2792 2056 2844 academicos

153 2876 349 2945 gradus
386 2877 739 2942 conferendos,
780 2894 983 2931 necnon
1022 2880 1090 2931 ad
1133 2880 1238 2931 alia
1276 2879 1588 2948 praestanda
1631 2879 1821 2946 quibus
1863 2880 1949 2930 via
1987 2880 2054 2930 ad

154 2960 361 3030 proprie
384 2961 557 3014 dictae
583 2962 958 3017 Universitatis
984 2965 1352 3017 fundationem
1377 2969 1653 3017 sternatur.

252 3646 269 3672 ¹
284 3644 395 3686 Vide
407 3645 605 3686 Aprum).
626 3645 792 3697 XVII„
806 3661 846 3701 p.
866 3646 962 3699 33¹2;
989 3662 1051 3699 ac,
1067 3649 1118 3690 de
1131 3647 1392 3688 Educatione
1406 3645 1557 3695 Mixta,
1575 3647 1617 3685 et
1628 3644 1679 3685 de
1691 3643 2050 3687 Universitatibus

155 3710 429 3765 Anatholicis‚
451 3713 563 3764 XV„
585 3726 626 3766 p.
652 3715 742 3764 321,
766 3717 808 3756 et
826 3715 968 3767 XVI.‚
990 3729 1030 3769 p.
1057 3718 1147 3756 330.
