2534 4374
1111 408 1384 452 unomen.
2151 400 2188 463 7

979 594 1382 648 DECRETUM
1430 597 1502 650 X.

800 732 882 786 De
918 730 1251 813 Hierarch‘e'a
1287 731 1681 786 Ecclesiastwa.

435 864 706 935 Quidquid
743 866 1093 918 emolumenti
1130 882 1194 917 ex
1230 866 1327 917 hac
1367 865 1575 934 Synodo
1612 867 1669 918 in
1706 871 1907 919 nostras
1931 867 2191 919 dioeceses

291 950 688 1003 dimanaturum
727 951 1058 1014 confidimus,
1095 951 1152 1002 id
1188 951 1452 1019 imprimis
1487 969 1520 1003 a
1562 958 1851 1004 restaurata
1889 952 2196 1003 Hierarchia

292 1036 643 1088 ecclesiastica
691 1041 772 1088 est
819 1036 1002 1105 procul
1050 1036 1212 1087 dubio
1260 1037 1621 1104 repetendum.
1719 1039 1822 1089 Vix
1883 1039 2025 1090 enim
2084 1041 2197 1088 erat

292 1118 624 1185 sperandum,
684 1122 932 1169 manente
992 1118 1290 1185 antiquiore
1347 1119 1621 1188 regiminis
1681 1120 1863 1183 forma,
1911 1120 2196 1187 Episcopos

294 1201 547 1270 Synodali
572 1206 835 1254 conventu
860 1202 967 1253 fore
992 1202 1316 1266 adunandos,
1342 1206 1399 1253 et
1422 1219 1483 1254 ea
1509 1219 1614 1271 qua
1638 1220 1732 1271 par
1757 1209 1835 1255 est
1861 1205 2195 1265 auctoritate,

293 1287 360 1338 de
400 1288 551 1339 rebus
592 1288 961 1340 ecclesiasticis
1001 1288 1210 1339 decreta
1252 1287 1464 1339 laturos,
1539 1288 1776 1341 Solemni
1826 1291 1992 1358 igitur
2039 1290 2197 1340 modo

293 1370 404 1423 Deo
439 1373 674 1441 agendae
711 1375 836 1424 sunt
871 1373 1089 1442 gratiae,
1126 1372 1222 1440 qui
1256 1388 1363 1423 non
1399 1373 1529 1423 fecit
1567 1373 1746 1424 taliter
1788 1375 1934 1425 omni
1971 1374 2194 1437 nationi,

294 1458 383 1510 sed
418 1458 571 1509 nobis
608 1462 723 1508 tam
759 1458 1083 1526 praeclarum
1110 1474 1307 1509 munus
1343 1461 1401 1509 et
1434 1458 1645 1527 insigne
1670 1460 1751 1510 sui
1775 1460 1967 1510 amoris
2003 1460 2195 1527 pignus

294 1543 600 1611 impertitus
625 1547 722 1594 est.

440 1626 545 1679 Sed
592 1629 759 1679 etiam
810 1627 1155 1681 Sanctissimo
1202 1627 1432 1679 Domino
1480 1627 1579 1679 Pio
1630 1628 1812 1679 divina
1865 1629 2198 1696 providentia

293 1712 471 1781 Papae
495 1712 617 1776 ΙΧ.,
652 1713 993 1764 devotissimo
1029 1714 1198 1765 cordis
1233 1712 1432 1764 affectu
1457 1716 1581 1764 sunt
1617 1718 1790 1782 grates
1815 1714 2196 1781 rependendae,

294 1799 444 1867 cujus
468 1798 526 1848 in
549 1814 644 1850 nos
667 1799 912 1867 propensi
937 1803 993 1850 et
1016 1799 1225 1867 paterni
1249 1799 1418 1849 animi
1443 1803 1819 1866 argumentum
1844 1800 1968 1850 inde
1992 1800 2196 1866 accepi-

295 1899 434 1947 mus,
470 1883 614 1951 quod
651 1884 719 1934 ad
751 1889 954 1936 nostras
987 1884 1215 1951 clerique
1252 1901 1429 1952 preces
1465 1884 1769 1947 inclinatus,
1807 1884 1902 1935 diu
1937 1885 2196 1951 anxieque

295 1972 557 2037 speratam
611 1968 977 2020 Hierarchiam
1036 1969 1414 2039 benignissime
1474 1970 1799 2021 concesserit.
1896 1969 2194 2036 Antequam

295 2055 463 2123 igitur
485 2054 584 2105 1100
609 2054 895 2105 concilim
930 2054 1248 2118 absolvatur,
1272 2054 1516 2105 volumus
1539 2058 1602 2104 ut
1637 2053 1847 2105 litterae
1870 2055 1939 2105 ad
1963 2054 2197 2105 Sanctis-

296 2140 492 2193 simum
539 2139 833 2191 Dominum
882 2141 1293 2204 conscribantur,
1328 2144 1491 2208 atque
1538 2140 1606 2191 ab
1654 2140 1899 2191 omnibus
1948 2140 2195 2190 Patribus

296 2225 706 2289 subscribantur,
728 2227 788 2276 in
812 2226 1004 2294 quibus
1040 2243 1178 2277 unus
1215 2227 1456 2277 omnium
1490 2230 1729 2278 nostrum
1766 2224 1946 2276 filialis
1970 2224 2191 2276 affectus

297 2315 588 2364 reverenter
625 2312 968 2380 exprimatur,
1005 2316 1062 2363 et
1096 2313 1238 2382 grati
1272 2313 1438 2364 nostri
1477 2313 1647 2363 animi
1682 2311 2065 2375 testimonium,
2100 2327 2195 2379 pro

296 2397 396 2451 1100
418 2397 725 2467 praesertim
749 2397 1022 2463 beneficio,
1046 2399 1115 2450 ad
1140 2399 1317 2466 ipsum
1342 2398 1623 2450 deferatur.

965 2574 1370 2655 DECRETUM
1429 2576 1529 2628 XI.

809 2707 892 2762 De
928 2706 1213 2780 Capitulis
1252 2707 1686 2763 Cathedralibus.

443 2848 695 2911 Quamvis
735 2848 805 2900 ab
845 2846 1149 2915 Apostolica
1191 2845 1341 2911 Sede,
1376 2863 1470 2914 per
1510 2847 1664 2898 breve
1692 2844 2071 2914 Apostolicum‚
2109 2844 2194 2894 die

304 2938 368 2989 19
407 2934 719 2987 Novembris
760 2935 897 2986 1850
933 2934 1139 2996 datum,
1176 2949 1478 2983 concessum
1513 2932 1885 3000 benignissime
1917 2930 2093 2991 fuerit,
2130 2933 2194 2978 111,

299 3022 657 3089 unusquisque
693 3018 988 3088 Episcopus
1025 3017 1334 3086 Capitulum
1382 3019 1579 3087 erigere
1627 3017 1840 3078 valeret,
1868 3017 2088 3084 jamque
2134 3015 2192 3065 in

299 3125 614 3176 unaquaque
650 3107 756 3158 fere
792 3105 1036 3169 dioecesi,
1071 3105 1271 3156 virtute
1307 3104 1650 3155 concessionis
1682 3102 2000 3170 hujusmodi,
2038 3099 2193 3167 Capi-

299 3193 477 3244 tulum
524 3192 766 3262 legitime
826 3191 1181 3243 constitutum
1242 3190 1451 3252 existat,
1499 3189 1704 3256 placuit
1763 3192 1942 3238 tamen
2002 3190 2066 3235 ut
2124 3185 2190 3234 ad

299 3278 589 3346 pleniorem
625 3276 783 3344 hujus
819 3275 1176 3326 institutionis
1212 3275 1591 3342 cognitionem,
1626 3271 1714 3322 hic
1747 3275 2094 3338 apponantur,
2130 3286 2191 3320 00

207 3432 213 3438 ι
299 3364 358 3415 111
399 3366 713 3431 perpetuum
755 3376 1028 3411 mansurae
1065 3359 1377 3422 recolantur,
1419 3359 1575 3428 leges,
1618 3374 1679 3408 ac
1717 3357 1823 3407 alia
1861 3355 1987 3406 illuc
2030 3355 2192 3422 perti·

298 3450 499 3512 nentia,
526 3449 644 3517 jam
679 3447 897 3515 quidem
920 3446 1154 3497 Decretis
1190 3444 1244 3497 S.
1271 3443 1702 3514 congregationis
1743 3442 1809 3492 de
1848 3440 2192 3509 Propaganda

300 3534 453 3598 Fide,
469 3535 556 3586 die
572 3534 639 3584 21
668 3532 849 3600 aprilis
863 3531 991 3581 anni
1016 3531 1271 3581 currentis
1290 3531 1425 3580 1852
1452 3529 1606 3597 plene
1620 3527 1941 3595 approbata3
1966 3542 2189 3593 quorum

301 3620 626 3671 decretomm
650 3622 800 3669 tenor
823 3617 956 3667 actis
979 3615 1138 3684 hujus
1164 3614 1362 3684 Synodi
1386 3614 1695 3665 adnectetur
1732 3606 1820 3682 (²).

446 3744 503 3795 (n
543 3746 639 3785 Vide
655 3741 954 3795 Appendicem‚
977 3741 1026 3780 11ο
1043 3740 1099 3790 Ι.,
1122 3739 1203 3790 11.‚
1226 3739 1333 3789 111.‚
1356 3738 1455 3789 IV„
1477 3738 1548 3789 V.‚
1569 3737 1650 3788 VI,
1672 3750 1710 3790 p.
1738 3739 1789 3773 50
1808 3739 1850 3775 et
1869 3749 1983 3788 seqq,
