2534 4374
666 471 746 514 mi
792 471 1124 515 msPENsA'r.
1171 472 1730 518 MA‘rmMOMALmth.
2023 462 2149 524 417

238 619 480 686 expensis
503 624 866 688 prosequatur,
889 624 1095 688 praeter
1117 620 1275 673 illum
1300 624 1393 690 qui
1435 624 1604 691 ipsam
1645 626 1701 675 in
1726 642 1941 676 uxorem
1967 626 2155 676 ducere

239 705 410 773 cupit,
434 704 758 773 dispensatio
783 705 1000 756 concedi
1038 705 1201 767 solet3
1258 708 1480 759 interest
1522 711 1665 760 enim
1707 709 2068 778 Reipublicae,
2095 719 2155 760 ut

236 789 358 841 lites
397 790 797 859 extinguantur.
872 790 1019 841 Huic
1061 791 1296 859 proxime
1336 793 1544 844 accedit
1587 794 1694 845 alia
1733 811 1908 858 causa,
1952 795 2155 845 scilicet

240 872 352 926 Dos
378 872 574 926 litibus
597 872 876 934 involuta,
893 891 1019 926 cum
1037 876 1293 928 nimirum
1309 877 1500 928 mulier
1518 878 1624 930 alio
1644 884 1725 931 est
1744 880 2005 932 destituta
2028 882 2162 941 viro,

236 960 388 1028 cujus
412 977 510 1029 ope
534 960 672 1012 bona
696 977 791 1012 sua
813 977 1116 1028 recuperare
1152 962 1343 1013 valeat.
1436 963 1632 1015 Verum
1671 965 1977 1033 hujusmodi
2003 982 2157 1015 causa

240 1047 451 1099 nonnisi
474 1064 569 1116 pro
592 1045 962 1099 remotioribus
986 1047 1237 1116 gradibus
1261 1047 1473 1101 sufficit.

387 1147 438 1198 5.
487 1145 807 1215 Paupertas
831 1143 1056 1209 viduae,
1081 1163 1217 1214 quae
1257 1164 1536 1201 numerosa
1578 1150 1724 1218 prole
1749 1152 1819 1202 sit
1846 1156 2078 1213 onerata,
2102 1156 2157 1201 et

240 1232 322 1283 vir
345 1248 463 1284 eam
487 1231 626 1283 alere
649 1230 980 1299 polliceatur.
1033 1229 1137 1282 Sed
1161 1233 1478 1301 quandoque
1496 1235 1728 1286 remedio
1748 1235 2157 1303 dispensationis

240 1318 559 1369 succurritur
583 1316 776 1368 viduae
799 1333 861 1367 ea
885 1320 1103 1367 tantum
1128 1318 1195 1368 de
1234 1334 1408 1381 causa,
1434 1320 1575 1386 quod
1591 1320 1775 1387 junior
1800 1321 1890 1383 sit,
1914 1326 2076 1387 atque
2102 1321 2163 1370 in

239 1403 474 1471 periculo
498 1401 921 1454 incontinentiae
946 1406 1196 1453 versetur.

387 1503 436 1555 6.
484 1500 714 1553 Bonum
730 1498 913 1570 pacis,
939 1518 1046 1569 quo
1070 1502 1284 1552 nomine
1310 1480 1536 1552 veniunt
1561 1503 1759 1554 nedum
1785 1503 1991 1554 foedera
2019 1505 2158 1554 inter

239 1606 417 1659 regna,
441 1592 498 1640 et
521 1588 814 1656 Principes,
839 1587 929 1640 sed
963 1587 1130 1638 etiam
1163 1587 1423 1639 extinctio
1456 1588 1702 1656 gravium
1735 1589 2161 1650 inimicitiarum,

240 1676 491 1738 rixarum,
530 1678 587 1725 et
625 1673 868 1724 odiorum
911 1672 1175 1723 civilium.
1250 1671 1399 1723 Haec
1443 1689 1600 1724 causa
1642 1674 1924 1725 adducitur
1967 1674 2050 1724 vel
2092 1676 2159 1724 ad

240 1760 626 1830 extinguendas
649 1775 831 1828 graves
866 1758 1199 1822 inimicitias,
1225 1775 1362 1826 quae
1404 1759 1546 1809 inter
1587 1760 2014 1810 contrahentium
2039 1777 2163 1810 con-

242 1847 555 1916 sanguineos
578 1844 664 1896 vel
688 1843 870 1895 affines
894 1847 1041 1895 ortae
1059 1844 1187 1907 sint,
1206 1860 1448 1912 quaeque
1466 1845 1796 1895 matrimonii
1815 1845 2163 1896 celebratione

240 1932 458 1983 omnino
483 1934 951 1998 componerentur3
985 1929 1070 1981 vel
1093 1931 1307 1997 quando
1332 1931 1473 1981 inter
1491 1931 1921 1982 contrahentium
1947 1948 2166 1982 consan-

239 2018 460 2086 guineos
485 2020 543 2067 et
566 2016 747 2067 affines
772 2015 1092 2066 inimicitiae
1116 2032 1300 2083 graves
1325 2016 1618 2084 viguerint,
1644 2022 1717 2080 et,
1742 2017 1871 2067 licet
1894 2034 1997 2084 pax
2024 2018 2163 2067 inter

239 2102 383 2170 ipsos
407 2102 546 2152 inita
562 2101 681 2168 jam
707 2102 796 2164 sit,
822 2100 1106 2152 celebratio
1145 2106 1328 2152 tamen
1365 2103 1698 2153 matrimonii
1734 2102 1803 2152 ad
1828 2103 1995 2169 ipsius
2019 2104 2163 2170 pacis

241 2190 696 2242 confirmationem
720 2191 954 2241 maxime
978 2192 1310 2243 conduceret.

387 2289 438 2342 7.
488 2287 704 2352 Nimia,
753 2292 1027 2354 suspecta,
1071 2287 1395 2359 periculosa
1445 2288 1851 2359 familiai-ita&
1899 2310 1997 2344 nec
2057 2310 2163 2344 non

242 2373 572 2428 cohabitatio
598 2375 696 2426 sub
721 2375 906 2426 eodem
930 2379 1093 2439 tect0,
1118 2392 1255 2443 quae
1279 2376 1434 2428 facile
1458 2378 1707 2445 impediri
1742 2395 1848 2428 non
1872 2381 2054 2445 possit.

387 2477 439 2525 8.
490 2471 708 2544 Copula
749 2491 874 2524 cum
917 2475 1306 2542 consanguinea
1348 2475 1434 2527 vel
1471 2475 1627 2526 affine
1671 2476 1755 2526 vel
1798 2476 1903 2527 alia
1946 2494 2164 2544 persona

241 2560 629 2628 impedimento
667 2558 937 2610 laborante
979 2560 1308 2628 praehabita,
1358 2564 1414 2611 et
1470 2559 1879 2628 Praegyfnantia,
1935 2559 2169 2629 ideoque

243 2641 575 2712 leyitimatio
605 2641 810 2713 proliS,
835 2648 901 2694 ut
938 2661 1133 2713 nempe
1173 2645 1478 2696 consulatur
1521 2647 1657 2697 bono
1697 2646 1858 2714 prolis
1898 2647 2083 2713 ipsiuS,
2110 2653 2164 2696 et

242 2733 428 2783 honori
451 2730 709 2793 mulieris,
732 2747 870 2798 quae
896 2747 1043 2781 secus
1067 2731 1299 2798 innupta
1322 2735 1576 2782 maneret.
1639 2731 1788 2782 Haec
1806 2733 2040 2799 profecto
2059 2749 2166 2782 una

245 2823 326 2869 est
369 2835 433 2868 ex
473 2817 863 2885 urgentioribus
906 2817 1095 2879 causiS,
1128 2816 1196 2867 ob
1232 2832 1393 2883 quam
1431 2817 1598 2867 etiam
1636 2817 1835 2884 plebeis
1878 2818 1991 2868 dari
2034 2818 2165 2868 solet

246 2901 585 2968 dispensatiO,
606 2899 898 2950 dummodo
923 2898 1114 2966 copula
1134 2902 1346 2966 patrata
1364 2915 1472 2949 non
1491 2899 1661 2949 fuerit‘
1679 2900 1777 2950 sub
1802 2916 1894 2967 spe
1919 2900 2168 2950 facilioris

246 2983 683 3054 dispensationis:
746 3001 884 3052 quae
926 2983 1330 3035 circumstantia
1367 2983 1427 3033 in
1471 2984 1860 3051 supplicatione
1902 2985 2037 3036 foret
2078 3004 2166 3036 ex-

245 3071 537 3140 primenda.

392 3171 445 3221 9.·
490 3165 753 3236 Infamia
799 3164 1080 3231 mulieris,
1130 3184 1194 3218 ex
1238 3167 1533 3235 suspicione
1576 3171 1707 3230 orta,
1750 3168 1892 3235 quod
1936 3168 2030 3218 illa
2073 3186 2166 3218 suo

246 3254 636 3323 consanguineo
659 3258 756 3304 aut
780 3253 928 3304 affini
952 3254 1116 3304 nimis
1152 3252 1448 3316 familiaris,
1489 3254 1705 3321 cognita
1745 3253 1818 3303 sit
1857 3253 1924 3303 ab
1964 3254 2166 3316 eodem,

245 3342 375 3392 licet
395 3327 623 3407 suspicio
642 3339 714 3390 sit
732 3338 882 3402 falsa,
901 3356 1025 3389 cum
1043 3355 1237 3406 nempe
1261 3338 1367 3389 nisi
1386 3338 1790 3394 matrimonium
1811 3339 2167 3400 contrahatur,

246 3426 438 3476 mulier
476 3425 705 3494 graviter
742 3424 1039 3488 diffamata,
1072 3424 1158 3475 vel
1198 3424 1430 3491 innupta
1469 3428 1780 3485 remaneret,
1822 3423 1906 3473 vel
1946 3424 2168 3491 disparis

246 3493 566 3561 conditionis
590 3509 703 3559 viro
726 3509 924 3560 nubere
949 3509 1177 3571 deberet,
1202 3513 1299 3559 aut
1323 3508 1506 3577 gravia
1530 3508 1724 3558 damna
1748 3508 2022 3559 orirentur.

395 3610 478 3658 10.
528 3604 884 3659 Revalidatio
918 3604 1299 3668 matrimonii,
1340 3606 1482 3672 quod
1521 3606 1658 3656 bona
1697 3606 1803 3656 fide
1843 3611 1896 3656 et
1937 3607 2171 3673 publice,

248 3698 452 3745 servata
476 3691 778 3743 Tridentini
819 3692 1007 3755 forma,
1032 3697 1367 3744 contractum
1408 3695 1518 3743 est:
1570 3692 1697 3758 quia
1737 3691 1851 3758 ejus
1891 3691 2170 3742 dissolutio
