2534 4374
473 418 597 479 250
698 401 700 404 ⁵
1040 438 1197 479 CONC.
1244 436 1414 479 Pnov.
1460 436 1679 478 WESTM.
1726 436 1801 477 1v.

467 585 511 634 si
553 586 787 652 ipsorum
831 585 987 653 culpa
1035 585 1307 652 perierint,
1347 584 1492 634 omni
1541 583 1825 651 diligentia
1873 583 2053 634 fideles
2095 584 2372 635 admonere

467 664 746 720 curarent-1

609 758 661 806 4.
700 755 884 822 Elapsi
925 758 1049 805 sunt
1058 754 1177 822 jam
1197 753 1397 821 viginti
1416 753 1543 803 anni
1561 769 1625 803 ex
1643 769 1747 820 quo
1764 752 1834 803 ab
1851 753 2077 822 Angliae
2097 753 2374 822 Episcopis

466 842 524 891 in
561 840 772 909 Synodo
802 840 1134 909 congregatis
1159 839 1395 907 prolatae
1421 839 1617 889 fuerint
1640 839 1943 906 hujusmodi
1968 839 2374 903 exhortationeS,

467 939 602 989 quae
638 923 782 974 hisce
820 923 1005 973 diebus
1039 922 1143 989 maj
1152 922 1254 973 oris
1288 921 1454 972 etiam
1486 920 1762 983 utilitatiS,
1786 922 1953 972 immo
1977 938 2126 972 verae
2149 923 2373 974 necessi-

466 1008 595 1057 tatis
619 1008 870 1058 evadunt.
946 1007 1114 1076 Leges
1157 1007 1303 1057 enim
1344 1023 1512 1074 nuper
1551 1007 1618 1057 de
1658 1006 1847 1057 scholis
1878 1007 2066 1074 populi
2089 1007 2375 1075 primariis,

465 1093 550 1142 uti
588 1092 758 1142 solent
790 1093 917 1156 dici,
941 1092 1308 1161 promulgatae
1344 1093 1524 1144 omnia
1560 1108 1693 1159 quae
1729 1092 2033 1144 educationi
2071 1091 2375 1146 Catholicae

464 1177 845 1244 impendebant
878 1178 1112 1245 pericula
1148 1178 1428 1229 manifeste
1461 1178 1732 1246 adaugent
1763 1182 2174 1247 aggravantque.
2248 1178 2375 1229 Tra-

465 1263 602 1313 ditio
646 1263 794 1316 enim
833 1263 1177 1314 articulorum
1215 1263 1361 1326 fidei,
1402 1280 1467 1314 ex
1510 1264 1713 1314 horario
1755 1263 2119 1314 instructionis
2162 1263 2373 1330 penitus

465 1348 690 1415 abjecta,
713 1350 771 1399 in
796 1352 1038 1416 tempora
1074 1349 1344 1400 subseciva
1379 1349 1658 1417 relegatur.
1732 1349 1959 1399 Pietatis
1983 1348 2294 1415 adjumenta
2317 1354 2375 1400 et

465 1434 834 1497 incitamenta,
877 1451 1014 1502 quae
1056 1434 1327 1503 integrum
1371 1434 1479 1484 diei
1528 1435 1806 1484 decursum
1847 1432 2102 1484 hactenus
2144 1433 2375 1484 illustra-

466 1522 656 1568 verunt
680 1522 737 1569 et
761 1516 1111 1582 sacraverunt,
1138 1519 1196 1568 in
1232 1522 1502 1586 posterum
1535 1535 1567 1568 a
1599 1518 1852 1569 librorum
1883 1518 2092 1587 paginis
2116 1522 2173 1568 et
2195 1518 2264 1569 ab
2287 1534 2376 1569 ore

465 1603 837 1654 institutorum
887 1604 985 1654 sub
1035 1621 1206 1671 poena
1254 1603 1622 1654 excluduntur.
1709 1603 1880 1663 Quam
1928 1603 2161 1653 maxime
2209 1603 2376 1672 igitur

466 1689 647 1756 augeri
665 1689 862 1739 debent
880 1689 1104 1740 studiosi
1128 1689 1294 1739 nostri
1318 1689 1443 1739 cleri
1466 1689 1609 1739 zelus
1633 1692 1689 1739 et
1714 1688 2014 1756 diligentia,
2038 1704 2104 1738 ne
2129 1705 2192 1739 ex
2217 1689 2375 1739 unica

466 1790 527 1823 ea
551 1774 695 1837 hora,
720 1790 855 1841 quae
879 1774 1030 1825 nobis
1054 1775 1122 1825 ad
1146 1774 1484 1842 parvulorum
1517 1774 1583 1824 de
1614 1773 1766 1824 rebus
1798 1772 1944 1836 fidei,
1970 1776 2026 1822 et
2057 1774 2122 1823 de
2154 1773 2374 1840 pietatis

466 1858 652 1909 officiis
678 1864 733 1909 et
757 1860 1101 1925 adjumentis,
1119 1860 1524 1910 instructionem
1548 1859 1800 1926 permissa
1819 1861 1917 1920 est,
1934 1857 2017 1908 vel
2041 1863 2373 1909 momentum

465 1943 732 1994 dilabatur
765 1944 960 1994 inutile
985 1948 1042 1995 et
1064 1950 1262 2011 pereat.

611 2031 660 2079 5.
714 2029 794 2079 De
837 2029 936 2079 1130
978 2029 1269 2097 periculosa
1312 2028 1535 2080 docendi
1578 2029 1799 2090 ratione,
1844 2032 1899 2078 et
1941 2027 2010 2079 de
2050 2027 2376 2095 sejunctione

467 2114 736 2183 religionis
760 2131 792 2164 a
817 2114 1028 2177 litteriS,
1068 2114 1162 2166 SS.
1204 2115 1363 2165 Pater
1402 2114 1532 2165 Pius
1572 2113 1669 2164 IX.
1711 2113 1770 2162 in
1809 2111 2060 2180 pastorali
2084 2129 2178 2163 sua
2203 2113 2376 2164 solici-

466 2199 652 2250 tudine
677 2200 756 2250 ita
780 2216 874 2250 nos
898 2204 1112 2250 monet:
1151 2204 1185 2230 “
1201 2199 1276 2250 At
1300 2217 1420 2250 vero
1446 2217 1569 2250 cum
1598 2198 1904 2267 hujusmodi
1937 2198 2374 2266 perniciosissima

469 2284 691 2334 docendi
715 2284 853 2334 ratio
879 2284 1118 2352 sejuncta
1142 2302 1174 2335 a
1200 2283 1473 2336 Catholica
1497 2284 1620 2346 fide,
1638 2288 1694 2334 et
1718 2283 1786 2334 ab
1811 2283 2075 2333 Ecclesiae
2092 2287 2375 2351 potestate,

468 2368 700 2419 maximo
726 2370 796 2419 sit
820 2369 1127 2420 hominibus
1152 2374 1208 2420 et
1233 2370 1475 2420 societati
1499 2369 1711 2431 damnO,
1736 2369 1866 2419 dum
1891 2368 2069 2436 agitur
2093 2369 2160 2419 de
2184 2369 2377 2421 litteris
2415 2386 2417 2388 ·

469 2454 918 2522 severioribusque
949 2455 1247 2522 disciplinis
1279 2455 1563 2517 tradendiS,
1600 2471 1661 2505 ac
1698 2454 1762 2505 de
1798 2453 2110 2505 educatione
2145 2456 2376 2507 curanda

468 2540 525 2589 in
569 2538 758 2590 scholis
800 2538 1131 2606 publicisque
1173 2540 1459 2602 institutis,
1501 2556 1636 2606 quae
1678 2538 2064 2589 honestioribus
2107 2540 2374 2591 societatis

468 2623 718 2674 classibus
744 2627 869 2674 sunt
893 2624 1176 2687 destinata,
1204 2624 1384 2691 ecquis
1416 2640 1525 2674 non
1563 2624 1711 2674 videt
1746 2623 1919 2673 multo
1955 2623 2195 2690 graviora
2233 2625 2375 2676 mala

469 2714 524 2759 et
573 2709 767 2759 damna
814 2725 879 2758 ex
926 2707 1026 2759 hac
1073 2709 1324 2759 methodo
1373 2708 1624 2770 derivare,
1668 2708 1713 2758 si
1759 2708 1944 2759 eadem
1992 2708 2053 2758 in
2098 2709 2374 2776 populares

467 2795 753 2844 inducatur
777 2791 1017 2843 scholas?
1091 2792 1312 2843 Etenim
1337 2793 1394 2843 in
1427 2791 1570 2843 hisce
1602 2792 1940 2860 potissimum
1975 2793 2164 2844 scholis
2196 2811 2376 2846 omnes
2441 2814 2445 2816 ·

468 2880 721 2947 cujusque
755 2895 785 2928 e
816 2877 1015 2944 populo
1039 2877 1218 2928 classis
1243 2879 1411 2944 pueri,
1436 2878 1520 2929 vel
1543 2895 1576 2929 a
1600 2880 1793 2929 teneris
1816 2879 1987 2940 anniS,
2013 2879 2375 2931 sanctissimae

468 2968 674 3015 nostrae
737 2962 1008 3031 religionis
1072 2963 1340 3029 mysteriis
1402 2979 1465 3013 ac
1512 2962 1972 3029 praeceptionibus
2021 2964 2200 3014 sedulo
2247 2970 2375 3015 sunt

467 3047 760 3110 erudiendi,
800 3052 856 3097 et
893 3045 962 3096 ad
1000 3046 1260 3113 pietatem
1299 3063 1613 3114 morumque
1654 3047 2003 3110 honestatem,
2046 3051 2102 3098 et
2143 3048 2211 3098 ad
2252 3049 2374 3099 reli-

469 3134 681 3201 gionem
706 3131 1023 3197 civilemque
1048 3130 1264 3181 vivendi
1287 3132 1565 3194 rationem,
1589 3136 1830 3182 accurate
1855 3121 2133 3183 formandi.
2196 3133 2373 3201 Atque

468 3220 526 3268 in
559 3219 759 3269 eisdem
794 3216 982 3267 scholis
1010 3216 1256 3282 religiosa
1280 3217 1589 3284 praesertim
1612 3218 1852 3267 doctrina
1875 3218 1954 3267 ita
1977 3218 2289 3284 primarium
2314 3221 2369 3270 in

471 3301 814 3350 institutione
854 3303 910 3349 et
949 3298 1263 3349 educatione
1303 3298 1481 3349 locum
1521 3299 1710 3349 habere
1739 3314 1801 3348 ac
1824 3298 2085 3349 dominari
2109 3300 2282 3362 debet,
2307 3305 2373 3351 ut

468 3384 694 3434 aliarum
717 3399 891 3433 rerum
916 3383 1260 3451 cognitioneS,
1285 3382 1475 3450 quibus
1498 3382 1755 3450 juventus
1792 3382 1870 3432 ibi
1907 3382 2184 3445 imbuitur,
2224 3385 2372 3436 velut

468 3468 796 3520 adventitiae
821 3471 1127 3535 appareant.
1191 3466 1519 3535 Quapropter
1534 3467 1793 3534 juventus
1817 3468 2066 3518 maximis
2091 3468 2373 3535 exponitur

1034 3618 1051 3641 ²
1073 3621 1092 3659 1
1118 3619 1232 3660 Cone.
1265 3620 1420 3660 Westm.
1442 3618 1566 3659 Decr.
1587 3617 1678 3658 viii.
1701 3620 1740 3663 2.
1763 3617 1802 3657 5.
