2534 4374
726 782 1491 859 APPROBATIO.

867 1164 1356 1227 DECRETUM

276 1322 333 1376 S.
373 1317 1021 1373 CONGREGATIONIS
1064 1318 1161 1367 DE
1206 1317 1695 1371 PROPAGANDA
1743 1320 1934 1370 FIDE.

298 1489 432 1541 Cum
458 1489 638 1539 decem
665 1492 719 1536 et
747 1486 909 1534 trium
942 1485 1059 1552 jam
1094 1500 1351 1533 annorum
1393 1484 1626 1550 spatium
1668 1484 1971 1549 effluxisset,
1999 1504 2060 1535 vx

147 1594 256 1645 quo
298 1576 537 1644 Synodus
578 1570 924 1633 Provincialis
964 1569 1030 1619 ob
1072 1585 1254 1636 graves
1297 1568 1727 1636 multiplicesque
1771 1588 1951 1620 causas
1993 1572 2061 1622 ab

154 1662 377 1731 Angliae
420 1658 773 1710 Antistitibus
816 1655 1077 1706 celebrata
1125 1671 1230 1704 non
1276 1655 1467 1716 fuerat,
1509 1655 1727 1704 tandem
1779 1658 2061 1722 praeterito

151 1763 308 1806 anno,
333 1745 569 1813 praeside
596 1743 659 1794 R.
677 1743 738 1792 P.
756 1742 821 1792 D.
839 1740 1071 1791 Henrico
1097 1740 1344 1789 Eduardo
1369 1739 1632 1807 Manning
1658 1740 2062 1808 Archiepiscopo

153 1829 719 1892 westmonasteriensi,
761 1827 1011 1878 celebrari
1059 1826 1257 1893 potuit.
1351 1825 1496 1875 Haec
1548 1825 1805 1892 Synodus,
1849 1844 1982 1893 quae
2031 1844 2063 1877 a

152 1916 400 1967 restituta
425 1915 482 1964 in
507 1914 701 1983 Anglia
727 1912 1081 1963 ecclesiastica
1108 1910 1418 1961 Hierarchia
1443 1916 1631 1977 quarta
1655 1918 1980 1975 numeratur,
2007 1914 2062 1962 in

155 2001 390 2051 Ecclesia
429 1998 651 2067 Collegii
693 1999 745 2049 S.
773 1997 1047 2048 Edmundi
1084 1995 1270 2046 habita
1300 1996 1424 2059 fuit,
1451 1997 1722 2063 tribusque
1749 1998 2062 2048 sessionibus

154 2086 378 2136 feliciter
396 2085 652 2135 absoluta.
729 2082 863 2134 Cum
889 2087 1072 2132 autem
1097 2082 1345 2132 laudatus
1366 2080 1576 2131 Praesu]
1601 2081 1831 2148 ejusdem
1855 2083 1989 2133 Acta
2008 2090 2064 2134 et

153 2171 375 2222 Decreta
400 2171 467 2221 ad
503 2170 555 2221 S.
583 2168 1061 2238 Congregationem
1087 2168 1152 2218 de
1178 2167 1525 2235 Propaganda
1551 2166 1702 2229 Fide,
1728 2172 1790 2217 ut
1816 2174 2061 2219 consueto

149 2255 384 2306 examini
425 2254 823 2322 subjicerentur,
850 2252 1263 2303 transmittenda
1302 2252 1579 2314 curaverit,
1610 2269 1671 2302 ea
1711 2253 1766 2302 in
1806 2255 2062 2322 generali-

150 2341 250 2392 bus
289 2341 523 2391 comitiis
563 2341 673 2391 diei
716 2340 747 2391 6
793 2340 1050 2390 currentis
1090 2339 1301 2402 mensiS,
1340 2338 1639 2405 praeposita
1678 2338 1932 2390 relatione
1972 2357 2062 2406 per

153 2426 654 2475 Eminentissimum
692 2430 747 2475 et
789 2424 1307 2475 Reverendissimum
1331 2422 1624 2472 Dominum
1651 2421 2059 2474 Constantinum

150 2511 207 2562 S.
252 2511 316 2561 R.
359 2511 423 2561 E.
466 2510 798 2561 Cardinalem
848 2510 1066 2572 Patrizi,
1109 2509 1177 2559 ad
1227 2509 1489 2558 trutinam
1539 2513 1780 2558 revocata
1830 2510 2058 2561 fuerunt.

152 2596 312 2647 Porro
339 2595 391 2646 S.
411 2594 718 2659 Consilium,
741 2596 924 2663 paucis
943 2595 1260 2663 quibusdam
1285 2595 1351 2644 ad
1376 2594 1654 2662 peculiaris
1680 2596 2059 2655 instructionis,

149 2698 286 2747 quae
325 2681 543 2731 insimul
583 2681 829 2742 traditur,
861 2680 1082 2730 formam
1123 2680 1366 2741 redactiS,
1403 2684 1746 2729 memoratam
1787 2680 2057 2749 Synodum

152 2766 360 2815 censuit
409 2783 518 2815 esse
567 2766 979 2832 adprobandam,
1026 2769 1082 2815 et
1130 2765 1198 2815 ab
1245 2764 1493 2816 omnibus
1542 2765 1609 2815 ad
1664 2782 1793 2832 quos
1854 2771 2059 2833 spectat

144 2855 393 2900 accurate
428 2851 753 2901 servandam.

295 2934 466 2996 Quam
503 2935 556 2987 S.
585 2934 1021 3005 Congregationis
1059 2936 1378 2986 sententiam
1405 2935 1588 2987 SSmo.
1615 2936 1843 2987 Domino
1869 2937 2058 2988 Nostro

152 3021 250 3071 Pio
269 3021 378 3071 PP.
398 3021 498 3071 IX.
519 3038 611 3088 per
635 3021 1032 3088 infrascriptum
1060 3021 1410 3072 Secretarium
1435 3022 1674 3084 relatam,
1700 3022 1758 3071 in
1784 3022 2057 3072 audientia

151 3106 260 3156 diei
291 3107 353 3154 12
381 3107 577 3156 mensis
602 3105 778 3173 hujus,
806 3105 1073 3156 Sanctitas
1099 3106 1208 3157 Sua
1247 3107 1304 3156 in
1342 3107 1586 3158 omnibus
1626 3107 1869 3169 sancivit,
1894 3124 2055 3173 eaque

151 3191 218 3241 de
243 3207 399 3241 causa
423 3207 664 3258 praesens
688 3190 973 3242 Decretum
990 3191 1154 3259 jussit
1180 3192 1432 3259 expediri.

295 3275 494 3326 Datum
521 3275 720 3326 Romae
747 3293 810 3326 ex
835 3276 1068 3327 Aedibus
1093 3277 1267 3327 dictae
1294 3275 1347 3327 S.
1367 3276 1423 3327 C.
1441 3277 1506 3326 de
1525 3276 1585 3327 P.
1605 3276 1684 3338 F„
1701 3277 1786 3327 die
1813 3279 1880 3326 24
1899 3276 1933 3327 J
1940 3277 2056 3339 ulii,

156 3360 311 3412 1874·
727 3434 1072 3483 ALEXANDER
1110 3432 1281 3483 CARD.
1323 3433 1597 3495 FRANCHI,
1626 3431 1815 3501 Praef.

1047 3544 1299 3595 JOANNES
1337 3543 1593 3606 Smnom,
1628 3543 1980 3597 Secretariue.

295 3632 550 3704 1...1‹s‚
