2534 4374
340 448 440 510 xii.
970 459 1329 531 consrncrus
1367 459 1594 503 RERUM.

2071 617 2239 646 PAGINA

547 678 612 728 V.
650 676 938 727 Instructio
964 692 1118 742 super
1141 674 1399 724 facultate
1422 673 1645 724 binandi
1719 709 1733 731 .
1879 708 1895 725 .
2042 711 2057 725 .
2133 674 2236 726 388

519 764 614 814 VI.
652 762 939 813 Instructio
959 777 1113 827 super
1137 758 1464 810 confectione
1489 758 1764 809 Processus
1788 757 1849 808 in
1875 757 2057 810 Causis

726 844 1249 895 MatrimonialibUS.
1397 880 1411 894 .
1883 880 1896 893 .
2045 880 2060 894 .
2135 846 2236 893 401

485 932 610 982 VII.
649 930 935 981 Instructio
962 946 1112 996 super
1137 927 1455 979 Probatione
1482 926 1666 978 Status
1691 926 2061 979 Liberi..
2133 928 2240 979 406

457 1016 615 1068 VIII.
654 1015 943 1066 Instructio
969 1030 1124 1081 super
1149 1011 1609 1073 Quasi-domicilio
1719 1049 1735 1062 .
1884 1049 1898 1063 .
2046 1049 2061 1064 .
2134 1015 2241 1062 414

514 1101 616 1153 IX.
654 1099 942 1152 Instructio
986 1117 1139 1167 super
1181 1097 1678 1166 Dispensationibus
1720 1097 2063 1149 Matrimoni-

726 1186 897 1236 alibus
1002 1222 1016 1235 .
1165 1222 1179 1234 .
1327 1220 1340 1234 .
1490 1220 1502 1232 .
1651 1219 1665 1233 .
1813 1219 1827 1233 .
2049 1220 2062 1234 .
2136 1186 2242 1234 415

552 1271 622 1321 Χ.
659 1270 943 1321 Decretum
986 1269 1051 1320 de
1093 1267 1403 1320 Residentia
1447 1266 1827 1334 Episcoporum
1888 1305 1903 1320 .
2051 1306 2065 1319 .
2137 1268 2240 1321 421

515 1356 615 1406 XI.
653 1355 935 1406 Decretum
1011 1354 1077 1406 de
1152 1353 1347 1404 Literis
1423 1351 1888 1404 Testimonialibus
1971 1370 2066 1420 pro

730 1439 1011 1508 Religiosis
1073 1477 1088 1490 .
1399 1475 1413 1488 .
2138 1439 2243 1490 425

492 1525 623 1575 XII.
663 1525 928 1592 Responsa
966 1523 1129 1593 Cong.
1168 1522 1223 1575 S.
1237 1476 1415 1573 ‘Rom.
1453 1526 1510 1572 et
1547 1522 1708 1574 Univ.
1747 1522 1866 1590 I.nq
1891 1522 2068 1590 quoad

733 1609 1072 1677 Baptismum
1242 1645 1256 1660 .
2051 1645 2065 1660 .
2140 1607 2244 1660 427

464 1695 625 1746 XIII.
663 1694 744 1745 De
763 1695 908 1745 Esu'
892 1712 951 1745 in
971 1693 1361 1745 Collatiuncula
1379 1693 1586 1762 Butyri‚
1609 1692 1763 1745 Casei
1787 1696 1843 1744 et
1866 1693 2065 1745 Laetis.
2140 1697 2246 1745 428

473 1780 622 1831 XIV.
660 1780 945 1830 Decretum
971 1778 1025 1831 S.
1051 1779 1502 1830 Poenitentiariae
1527 1779 1594 1829 de
1620 1779 1731 1829 Esu
1757 1777 2010 1831 Carnium
2049 1817 2063 1833 .
2140 1782 2248 1831 430

510 1866 627 1915 XV.
666 1865 744 1915 De
770 1865 1060 1915 dioeceseos
1086 1863 1474 1915 Beverlacensis
1498 1863 1760 1915 divisione
1820 1900 1837 1916 .
2055 1901 2070 1916 .
2143 1867 2252 1916 430

476 1950 624 2000 XVI.
663 1949 743 2000 De
767 1966 902 2001 nova
927 1949 1167 2000 Dioecesi
1193 1949 1440 2000 Loidensi
1571 1987 1584 2000 .
1732 1986 1747 2000 .
1893 1987 1909 2001 .
2056 1988 2071 2002 .
2144 1953 2249 2000 432

449 2035 628 2085 XVII.
666 2034 746 2086 De
770 2052 906 2086 nova
930 2035 1168 2093 Dioecesi
1193 2034 1623 2104 Medioburgensi
1662 2072 1677 2087 .
1823 2072 1838 2087 .
2057 2073 2073 2088 .
2145 2036 2251 2087 436

421 2120 630 2171 XVIII.
668 2120 745 2171 De
771 2121 1074 2172 Dioeceseos
1101 2119 1511 2171 Suthwarcensis
1538 2120 1796 2171 divisione
1894 2158 1910 2172 .
2058 2158 2073 2172 .
2146 2123 2250 2171 442

474 2205 628 2255 ΧΙΧ.
667 2205 745 2255 De
782 2205 1045 2273 Impen‘sis
1081 2205 1463 2274 Episcoporum
1499 2207 1702 2258 ratione
1738 2207 2075 2259 Visitationis

739 2291 1023 2342 Pastoralis
1084 2329 1098 2344 .
1245 2329 1260 2343 .
1407 2329 1422 2343 .
1569 2329 1583 2344 .
1733 2329 1747 2343 .
1893 2329 1909 2344 .
2058 2330 2072 2344 .
2147 2292 2250 2344 447

504 2375 628 2426 ΧΧ.
668 2374 938 2428 Concessio
966 2375 1271 2428 Officiorum
1339 2413 1356 2430 .
1503 2414 1518 2429 .
1663 2417 1677 2429 .
1826 2415 1840 2429 .
2060 2415 2075 2429 .
2147 2381 2252 2428 448

744 2464 791 2512 1.
841 2461 1067 2530 Angliae
1083 2499 1097 2512 .
1244 2498 1260 2512 .
1406 2500 1422 2513 .
1568 2499 1581 2513 .
1730 2500 1745 2513 .
1892 2500 1908 2514 .
2057 2499 2072 2514 .
2145 2465 2252 2513 448

741 2549 791 2597 2.
840 2546 1154 2600 Salfordien.
1334 2554 1353 2600 ‘.
1500 2586 1514 2599 .
1661 2585 1675 2599 .
1823 2584 1839 2599 .
2058 2585 2073 2599 .
2147 2549 2253 2599 449

741 2634 790 2683 3.
843 2630 1153 2683 Salfordien.
1247 2670 1261 2684 .
1438 2632 1441 2635 ”
1731 2670 1746 2684 .
1893 2670 1907 2685 .
2055 2670 2071 2684 .
2144 2634 2252 2684 450

475 2714 630 2765 ΧΧΙ.
668 2715 748 2767 De
789 2717 1155 2785 Appellatione
1194 2718 1263 2769 ad
1299 2668 1780 2786 Metropolitanum
1811 2719 1872 2769 in
1907 2717 2076 2770 causis

743 2802 1108 2854 ecclesiasticis
1181 2839 1197 2855 .
1669 2840 1683 2855 .
1830 2841 1844 2854 .
2063 2841 2077 2854 .
2149 2805 2258 2855 450

458 2884 642 2937 XXII.
680 2886 760 2937 De
795 2887 1244 2939 Universitatibus
1269 2888 1592 2940 Acatholicis
1741 2926 1755 2940 .
1901 2925 1917 2940 .
2063 2884 2095 2939 .’
2151 2891 2255 2939 452

422 2968 638 3022 XXIII.
677 2970 883 3023 Solutio
943 2974 1266 3040 quaestionis
1323 2979 1467 3025 ortae
1530 2975 1596 3025 de
1642 2974 2080 3042 interpretatione

748 3057 1155 3111 Constitutionis
1192 3063 1226 3090 ‘⁶
1247 3059 1509 3111 Romanos
1537 3058 1863 3111 Pontifices'’
1898 3093 1916 3110 .
2062 3095 2078 3109 .
2151 3061 2256 3110 453
