2534 4374
708 412 958 456 CONSTIT.
1008 399 1041 429 “
1062 397 1445 458 FIRMANDIS.''
1911 399 1989 466 37
1994 400 2034 461 3

117 561 289 624 niens,
313 577 625 612 consensum
649 560 883 628 episcopi
909 562 1195 629 exquirere,
1222 580 1442 632 suasque
1483 565 1676 634 agendi
1703 565 1930 616 rationes
1958 566 2037 617 illi

122 650 276 697 notas
313 650 476 713 atque
517 645 763 713 probatas
806 645 975 697 facere
1014 650 1297 701 teneretur.
1390 648 1506 711 Qua
1532 650 1597 701 de
1640 668 1712 714 re,
1740 651 2041 719 supradicta

124 729 476 800 congregatio
503 728 729 782 Concilii
755 730 1006 795 decrevit,
1031 731 1338 800 hujusmodi
1378 733 1629 802 parochos
1671 739 1784 786 tam
1810 736 1878 788 ab
1903 738 2041 805 epis-

114 833 273 884 copo,
298 832 459 885 quam
484 833 517 867 a
542 816 796 884 superiori
815 816 1066 886 regulari,
1084 834 1251 886 aequo
1268 818 1408 886 jure,
1423 836 1530 871 non
1550 821 1805 889 requisito
1823 820 2041 873 alterius

119 917 398 964 consensu,
422 901 490 953 ab
532 902 831 952 animarum
873 919 999 953 cura
1036 919 1301 955 removere
1340 921 1507 972 posse,
1542 922 1638 956 nec
1682 923 1851 956 unum
1890 906 2042 958 alteri

112 1003 307 1038 -causas
321 986 521 1055 judicii
546 987 628 1038 sui
652 987 873 1055 aperire,
897 987 1175 1056 multoque
1218 990 1394 1040 minus
1436 991 1651 1058 probare
1696 997 1752 1042 et
1778 991 2041 1043 verificare

125 1072 330 1124 debere.
405 1072 471 1123 Id
496 1073 639 1141 quod
664 1090 697 1123 a
720 1073 872 1124 nobis
897 1073 954 1123 in
980 1072 1228 1124 omnibus
1253 1075 1574 1143 approbatur
1601 1082 1656 1127 et
1682 1076 2040 1128 confirmatur.

277 1160 360 1210 13.
410 1157 703 1227 Postquam
719 1176 840 1210 vero
860 1158 1175 1210 Tridentina
1194 1161 1421 1228 synodus
1436 1161 1551 1213 loco
1571 1163 1810 1231 superius
1829 1163 2043 1214 laudato

116 1243 435 1308 declaravit,
458 1243 754 1312 praedictos
779 1248 987 1295 curatos
1013 1261 1104 1295 seu
1142 1245 1394 1313 parochos
1419 1250 1532 1297 tam
1559 1248 1859 1311 saeculareS,
1885 1266 2044 1316 quam

127 1329 408 1399 regulareS,
466 1330 763 1381 animarum
833 1347 1015 1381 curam
1083 1336 1383 1382 exercentes
1443 1334 1500 1383 in
1560 1335 1895 1385 monasteriis
1957 1353 2045 1386 seu

117 1413 375 1466 *domibus
389 1414 663 1485 religiosis,
679 1414 872 1484 quibus
887 1413 1191 1483 hujusmodi
1209 1433 1332 1467 cura
1346 1434 1683 1484 personarum
1700 1420 2045 1470 saecularium

128 1499 414 1565 incumbit,
466 1500 668 1552 subesse
720 1500 908 1552 debere
959 1501 1291 1565 immediate,
1332 1502 1390 1552 in
1434 1503 1518 1574 iis,
1561 1521 1696 1572 quae
1736 1505 1803 1555 ad
1846 1505 2045 1556 dictam

109 1590 312 1637 xcuram
338 1590 394 1637 et
419 1590 863 1637 sacramentorum
908 1586 1427 1639 administrationem
1470 1590 1760 1657 pertinent,
1794 1589 2046 1658 jin-isdic-

129 1671 287 1734 tioni,
328 1671 628 1723 visitationi
667 1675 725 1722 et
767 1671 1079 1723 correctioni
1120 1673 1369 1740 episcopi,
1418 1671 1586 1743 (quod
1630 1676 1868 1743 quidem,
1888 1674 2049 1743 juxta

130 1756 304 1824 magis
328 1759 597 1824 receptam
641 1755 994 1806 tribunalium
1037 1755 1197 1824 hujus
1242 1762 1451 1809 nostrae
1495 1760 1670 1811 euriae
1710 1762 2048 1824 sententiam,

130 1841 459 1911 intelligitur
507 1841 573 1892 de
613 1840 989 1909 jurisdictione
1037 1843 1273 1911 episcopi
1335 1843 1618 1908 ordinaria,
1667 1862 1773 1896 non
1817 1863 1936 1897 vero
1986 1846 2049 1897 de

131 1926 436 1997 delegata);
485 1926 581 1978 illa
621 1931 804 1978 tamen
843 1929 1165 1980 monasteria
1208 1946 1300 1980 seu
1341 1929 1458 1981 loca
1500 1931 1699 1982 ibidem
1743 1948 1776 1981 a
1814 1930 2050 1983 Concilio

131 2014 489 2081 excipiuntur,
516 2013 573 2063 in
618 2012 810 2081 quibus
853 2013 1087 2079 abbateS,
1123 2019 1220 2065 aut
1262 2015 1356 2066 alii
1399 2016 1721 2086 regularium
1766 2018 2051 2085 superiores

125 2099 555 2168 jurisdictionem
582 2098 936 2167 episcopalem
962 2104 1018 2150 et
1043 2100 1391 2168 temporalem
1417 2101 1475 2151 in
1512 2102 1762 2169 parochos
1803 2108 1859 2154 et
1901 2120 2051 2171 paro-

130 2185 347 2236 chianos
386 2187 661 2244 exercent3
712 2183 855 2235 salvo
898 2184 1248 2236 nihilominus
1290 2202 1471 2236 eorum
1511 2187 1876 2254 episcoporum
1910 2187 2050 2256 jure,

104 2270 227 2338 ,qui
251 2269 359 2320 alia
383 2268 636 2336 quapiam
662 2284 726 2318 ex
751 2285 909 2319 causa
934 2285 1024 2319 seu
1049 2269 1233 2332 titulo,
1257 2269 1512 2338 majorem
1537 2272 1594 2321 in
1629 2272 1898 2339 praedicta
1937 2273 2051 2324 loca

132 2355 218 2406 vel
241 2370 486 2423 personas
506 2353 942 2422 jurisdictionem
967 2360 1224 2407 exercent.
1302 2355 1473 2417 Quare
1496 2357 1767 2408 nonnullis
1793 2359 2051 2426 episcopis

117 2439 591 2502 contendentibus,
634 2438 791 2490 licere
834 2439 955 2503 sibi,
993 2439 1179 2491 saltem
1220 2445 1498 2509 tamquam
1542 2441 1802 2509 delegatis
1842 2460 1873 2493 a
1918 2443 2050 2495 Sede

133 2525 455 2595 Apostolica,
480 2525 538 2575 in
562 2523 814 2592 parochos
838 2525 1150 2593 praedictOS,
1176 2529 1286 2578 sive
1329 2528 1388 2578 in
1430 2529 1791 2596 parochianos,
1817 2529 2045 2597 aliquem

131 2610 517 2682 jurisdictionis
566 2614 748 2660 actum
800 2627 1050 2674 exercere,
1089 2609 1442 2680 Congregatio
1488 2611 1713 2664 Concilii
1762 2616 2049 2682 respondit,

118 2698 278 2767 *quod
296 2697 391 2748 ubi
410 2696 587 2759 abbaS,
607 2700 703 2747 aut
723 2698 955 2764 superior
973 2697 1225 2767 regularis
1245 2715 1395 2749 suam
1419 2699 1607 2767 probat
1622 2700 2049 2767 jurisdictionem

138 2782 487 2852 episcopalem
531 2785 587 2834 et
629 2782 974 2850 temporalem
1017 2784 1075 2834 in
1116 2784 1257 2852 ipsos
1298 2784 1567 2852 parochOS,
1610 2787 1969 2853 parochianOS,
1995 2794 2049 2839 et.

138 2874 319 2921 eontra
344 2868 620 2936 episcopus
643 2867 860 2935 probare
885 2868 1072 2936 nequit
1112 2868 1424 2937 ampliorem
1463 2870 1522 2921 in
1561 2871 1771 2921 eosdem
1802 2872 2050 2940 jurisdic-

137 2956 340 3007 tionem
379 2970 443 3004 ex
481 2951 586 3003 alio
625 2952 802 3020 capite
842 2952 943 3004 sibi
985 2953 1303 3021 acquisitam
1329 2954 1506 3019 fuisse,
1531 2955 1790 3007 abstinere
1834 2959 2049 3010 omnino

139 3041 296 3094 debet
336 3032 611 3107 episcopus
649 3041 764 3088 tam
803 3054 836 3087 a
874 3037 1199 3103 visitatione,
1243 3057 1404 3108 quam
1448 3042 1517 3093 ab
1564 3040 1671 3093 alio
1720 3060 2049 3111 quocumque

137 3124 519 3196 jurisdictionis
543 3126 669 3173 actu
693 3122 752 3172 in
776 3122 1083 3191 hujusmodi
1108 3124 1358 3193 parochos
1382 3129 1438 3177 et
1466 3127 1824 3194 parochianos·
1899 3127 2048 3189 Quod

122 3211 377 3282 quidem,
417 3208 586 3260 veluti
634 3207 803 3276 ipsius
847 3206 1074 3260 Concilii
1118 3210 1340 3262 decretis
1383 3228 1688 3276 consonum,
1731 3212 1842 3264 Nos
1884 3215 2046 3265 etiam

140 3294 428 3365 apostolica
453 3292 850 3344 confirmatione
874 3294 1191 3346 roboramus,

290 3383 373 3432 14.
425 3378 686 3430 Similiter
718 3378 786 3430 ab
819 3380 1051 3447 episcopi
1081 3380 1473 3448 jurisdictione,
1499 3382 1824 3447 visitatione,
1851 3388 1905 3434 et
1940 3403 2050 3436 cor-

141 3467 390 3528 rectione,
414 3465 579 3516 etiam
612 3463 670 3514 in
706 3463 790 3515 his
826 3481 962 3532 quae
998 3465 1066 3516 ad
1105 3467 1404 3516 animarum
1445 3483 1624 3517 curam
1666 3471 1722 3517 et
1760 3484 2051 3520 sacramen—

141 3557 320 3603 torum
368 3549 882 3601 administrationem
944 3554 1202 3619 spectant,
1252 3551 1521 3618 praedicta
1582 3556 1763 3603 sancta
1824 3555 2050 3621 synodus

127 3637 346 3706 excipit
376 3640 489 3687 tam
524 3636 826 3699 saeculares,
850 3652 1010 3704 quam
1043 3635 1304 3705 regulares
1329 3635 1596 3703 parochOS,
1621 3637 1712 3704 qui
1755 3638 2047 3691 animarum
