2534 4374
448 472 528 531 12
1016 485 1177 528 cono.
1223 484 1388 527 PRov.
1432 483 1661 525 WESTM.
1705 482 1743 524 1.

583 636 650 686 In
674 635 888 685 caeteris
924 633 1152 684 ecclesiis
1190 648 1280 682 seu
1315 630 1666 693 missionibus,
1705 628 1966 696 simplices
1994 629 2331 695 missionarii,

434 721 510 771 ad
533 725 727 771 nutum
753 720 981 787 episcopi
1006 717 1328 779 amovibiles,
1352 732 1530 765 curam
1555 714 1851 765 animarum
1875 713 2163 779 habebunt,
2187 715 2330 768 intra

440 807 638 857 limites
662 806 949 872 unicuique
972 803 1209 853 missioni
1233 802 1300 852 ab
1338 801 1580 868 episcopo
1615 817 1708 867 pro
1745 803 1979 866 tempore
2002 799 2326 868 assignatos;

437 891 534 942 ubi
574 906 692 941 vero
734 889 1000 956 contingit
1030 887 1201 938 nullos
1243 886 1375 936 tales
1399 885 1600 936 limites
1641 885 1709 936 ab
1750 884 1993 952 episcopo
2029 884 2327 954 designatos

437 993 561 1039 esse,
599 975 840 1026 volumus
881 973 1111 1023 mediam
1150 972 1478 1034 distantiam,
1514 974 1774 1038 quantum
1810 968 1924 1019 fieri
1958 972 2152 1036 potest,
2186 969 2328 1022 inter

426 1061 675 1112 »ecclesias
699 1059 988 1122 vicinioreS,
1012 1074 1105 1124 pro
1129 1056 1392 1107 limitibus
1414 1057 1555 1107 inter
1577 1056 1716 1124 ipsas
1739 1056 2010 1107 missiones
2032 1054 2230 1107 haberi.

581 1146 629 1196 6.
680 1143 830 1204 Quod
867 1144 911 1194 si
947 1143 1052 1193 duo
1087 1142 1172 1193 vel
1207 1141 1382 1209 plures
1425 1142 1534 1192 sint
1575 1142 1866 1193 sacerdotes
1907 1141 1967 1191 in
1990 1141 2173 1191 eadem
2196 1140 2324 1192 mis·-

427 1230 595 1292 —sione,
637 1228 975 1291 decernimUS,
1017 1243 1184 1278 unum
1225 1230 1481 1294 tanquam
1518 1227 1753 1294 primum
1789 1226 2190 1295 designandum,
2228 1225 2325 1294 qui

434 1319 584 1384 gerat
607 1331 785 1364 curam
809 1313 1105 1362 animarum
1141 1314 1198 1363 et
1231 1311 1747 1363 administrationem
1784 1310 2048 1375 ecclesiae,
2073 1326 2167 1361 seu
2200 1326 2324 1361 con-

428 1399 771 1469 ,gregationis

1072 1526 1475 1580 DECRETUM
1523 1528 1673 1579 XIV.

518 1652 600 1706 Dc
655 1650 895 1707 Vicariis
946 1649 1319 1715 GeneralibuS,
1355 1648 1596 1720 aliisque
1642 1648 1908 1705 Perso'nis
1953 1645 2246 1721 Regim'e'sm‘,

1034 1735 1406 1789 Ecclesiastico
1441 1733 1700 1789 addictis.

580 1866 628 1917 1.
680 1862 937 1916 Convenit
970 1865 1035 1913 ut
1070 1862 1130 1912 in
1164 1877 1480 1929 unaquaque
1504 1861 1728 1912 dioecesi
1763 1862 2066 1913 nominetur
2095 1861 2325 1914 vicarius

432 1949 705 2020 generalis,
748 1948 835 1999 cui
896 1965 987 2015 per
1034 1948 1227 2015 scripta
1275 1947 1596 2015 delegandae
1644 1951 1799 1998 erunt
1844 1947 2141 2010 facultates»,
2189 1963 2322 2015 quae

433 2036 675 2103 episcopo
734 2035 875 2084 visae
933 2033 1166 2095 fuerint3
1225 2033 1439 2100 quique,
1487 2049 1548 2082 eo
1607 2031 1841 2096 absente,
1899 2033 1986 2084 vel
2042 2032 2325 2100 impeditO,

433 2120 660 2189 negotiis
707 2118 1072 2169 ecclesiasticis
1113 2118 1279 2186 possit
1319 2118 1607 2186 providere,
1651 2118 1803 2186 eique
1850 2118 2221 2186 adjumentum
2261 2118 2322 2169 in

432 2206 659 2275 regenda
682 2204 918 2255 Ecclesia
940 2203 1198 2271 praebere.

574 2293 625 2341 2.
675 2290 887 2340 Praeter
928 2289 1184 2339 vicarium
1233 2288 1543 2358 generalem,
1591 2289 1790 2357 poterit
1837 2289 2108 2357 episcopus
2154 2289 2320 2343 etiam

432 2375 560 2426 alios
583 2373 818 2426 vicarios
832 2372 1112 2440 forancOS,
1139 2391 1247 2438 seu,
1271 2378 1430 2442 prout
1452 2375 1510 2425 in
1533 2375 1728 2444 Anglia
1750 2375 2044 2442 nuncupari
2067 2374 2320 2439 solebant,

433 2464 489 2511 et
510 2477 652 2510 nunc
676 2459 879 2528 vulgari
904 2477 1136 2510 sermone
1154 2460 1403 2510 dicuntur
1425 2458 1589 2511 φωναί
1613 2458 1785 2511 dcam
1804 2457 2062 2528 (decanos
2075 2458 2320 2528 rurales)

430 2546 716 2607 nominare,
753 2562 874 2594 cum
911 2545 1237 2613 delegatione
1276 2545 1470 2612 scripta
1505 2545 1867 2612 quarumdem,
1908 2561 2037 2612 quas
2075 2545 2320 2612 expedire

419 2631 758 2698 judicaverit,
782 2630 1115 2693 facultatum,
1139 2631 1199 2680 in
1223 2634 1363 2681 certo
1386 2631 1615 2698 quodam
1633 2631 1880 2682 districtu
1898 2630 2310 2681 exercendarum.

571 2718 620 2764 3.
670 2715 867 2766 Vicarii
906 2716 1103 2767 foranei
1147 2716 1248 2766 erit
1289 2717 1580 2783 praesidere
1622 2716 1985 2779 conventibus,
2028 2715 2112 2766 vel
2154 2715 2314 2766 colla·

430 2800 664 2850 tionibus
702 2801 767 2850 de
803 2800 1006 2852 casibus
1046 2801 1330 2852 moralibus
1366 2818 1457 2852 seu
1498 2801 1782 2872 liturgicis,
1818 2802 1877 2862 in
1911 2801 2169 2852 territorio
2211 2800 2314 2852 sibi

431 2885 761 2948 demandatO,
801 2884 1023 2936 infirmis
1071 2886 1419 2938 sacerdotibus
1467 2904 1644 2937 curam
1692 2887 2010 2956 impendere,
2057 2886 2314 2938 bonorum

429 2969 895 3020 ecclesiasticorum
954 2971 1399 3023 administrationi
1458 2972 1753 3040 invigilare,
1813 2988 1991 3023 curare
2048 2974 2113 3022 ut
2171 2987 2315 3022 sacra.

430 3053 668 3103 aedificia
692 3058 828 3104 sarta
863 3059 1005 3106 tecta
1041 3061 1321 3120 serventur,
1357 3074 1417 3108 ac
1451 3058 1693 3125 episcopo
1729 3075 1821 3109 seu
1856 3058 2049 3109 vicario
2079 3056 2307 3126 generali

428 3156 562 3206 quae
586 3140 896 3189 correctione
920 3143 1110 3208 egeant
1131 3141 1332 3192 referre.

571 3226 621 3273 4.
671 3223 903 3290 Expedit
926 3228 1208 3290 praeterea,
1233 3229 1296 3275 ut
1320 3226 1594 3294 episcopus
1617 3227 1753 3277 viros
1788 3226 2087 3294 prudenteS,
2112 3227 2220 3277 sive
2244 3226 2313 3277 de

429 3308 627 3376 gremio
663 3307 902 3374 capituli,
928 3309 1034 3359 sive
1076 3309 1142 3360 de
1177 3309 1329 3373 clem,
1362 3310 1543 3380 eligat,
1577 3315 1643 3362 ut
1677 3313 1854 3379 ipsum
1889 3313 1948 3362 in
1975 3311 2305 3362 administra-

336 3419 342 3424 ·
429 3391 573 3441 tione
620 3392 896 3458 temporali
945 3393 1233 3444 dioeceseos
1285 3394 1553 3461 adjuvent.
1627 3396 1832 3447 Horum
1881 3396 2159 3447 consilium
2205 3395 2305 3446 fre-

427 3478 647 3542 quenter
684 3475 949 3539 adhibeat,
983 3481 1048 3527 ut
1084 3477 1259 3546 legata
1299 3479 1390 3546 pia
1427 3481 1629 3547 optimo
1665 3482 1820 3533 modo
1856 3482 2304 3543 administrentur,

426 3575 488 3608 ac
512 3562 630 3609 tuto
656 3563 916 3609 serventur
935 3577 949 3620 3
985 3564 1152 3627 utque
1175 3560 1415 3613 fidelium
1435 3564 1681 3615 collectae
1700 3566 1960 3632 sapienter
1983 3569 2039 3616 et
2061 3565 2303 3633 proficue,

419 3660 488 3693 ac
513 3644 622 3694 sine
645 3644 876 3710 partium
901 3645 1075 3695 studio
1099 3645 1363 3711 distribui,
1389 3652 1444 3699 et
1467 3650 1722 3716 applicari
1745 3651 1970 3703 valeant.

570 3730 619 3778 5.
671 3726 878 3796 Singuli
913 3730 1161 3797 episcopi,
1197 3731 1361 3781 etiam
1397 3733 1455 3783 in
1492 3732 1701 3801 Synodo
1730 3735 2034 3787 dioecesana
2067 3737 2303 3804 proxime

424 3810 681 3875 habenda,
705 3812 980 3879 designent
1002 3830 1094 3881 pro
1118 3815 1223 3866 suis
1248 3816 1568 3869 dioecesibus
1590 3820 1968 3872 examinatores
1993 3821 2261 3889 synodales
