2534 4374
387 2535 390 2539 ⁴
486 2485 579 2519 sua
620 2469 679 2518 in
720 2468 871 2519 terris
918 2467 1190 2518 militante
1232 2467 1476 2518 omnibus
1517 2467 1702 2518 diebus
1737 2484 1900 2534 usque
1945 2467 2014 2518 ad
2056 2484 2394 2519 consumma-
2477 2507 2482 2510 -

484 429 612 492 280
1040 445 1202 490 conc.
1248 447 1416 490 raov.
1460 448 1682 491 wEer.
1727 451 1813 495 ιν.

1370 736 1495 798 ΙΠ.

742 900 1481 964 CONSTITUTIONES
1544 900 2125 964 DOGMATIOAE

1249 1037 1616 1078 SACROSANOTI
2448 1084 2453 1088 γ.

550 1137 1187 1184 OECUMENICI
1270 1136 1725 1182 coN01L11
1807 1139 2334 1184 vA‘rrcAN1-

1038 1343 1436 1407 CONSTITUTIO
1489 1365 1844 1408 DoeMATIcA

832 1462 952 1515 DE
1024 1462 1272 1514 FIDE
1347 1462 1967 1530 CATHOLICA,

1023 1588 1192 1628 EDITA
1233 1589 1297 1628 IN
1338 1590 1587 1629 SESSIONE
1632 1591 1845 1631 TERTIA.

1118 1824 1286 1877 PIUS
1358 1825 1755 1880 EPISCOPUS

979 1952 1259 1995 SERVUS
1314 1953 1713 1997 SERVORUM
1765 1956 1893 1996 DEI

1016 2062 1186 2102 SAORO
1210 2061 1566 2104 APPROBANTE
1590 2065 1849 2105 CONOILIO

842 2174 928 2213 AD
998 2175 1398 2215 PERPETUAM
1468 2177 1582 2216 REI
1653 2178 2039 2218 MEMORIAE.

629 2296 729 2347 Dei
764 2297 938 2347 Filius
970 2301 1026 2348 et
1062 2298 1266 2365 generis
1303 2296 1527 2354 humani
1561 2298 1882 2367 Redemptor
1913 2300 2174 2351 Dominus
2195 2299 2251 2351 N
2250 2301 2393 2352 oster:
2447 2301 2485 2311 ’

482 2382 522 2434 J
522 2399 636 2433 esus
681 2380 934 2444 Christus,
973 2381 1042 2431 ad
1080 2381 1298 2431 Patrem
1340 2381 1619 2432 caelestem
1659 2383 1942 2446 rediturus,
1984 2396 2107 2433 cum
2149 2382 2400 2435 Ecclesia.

484 2555 690 2604 tionem
715 2552 909 2603 saeculi
934 2552 1174 2602 futurum
1199 2569 1253 2603 se
1277 2568 1387 2602 esse
1410 2551 1668 2619 promisit.
1727 2551 1894 2612 Quare
1919 2551 2145 2603 dilectae
2169 2569 2392 2620 sponsae
2471 2563 2478 2590 5

483 2640 691 2708 praesto
728 2654 853 2700 esse,
892 2637 1142 2688 adsistere
1180 2637 1412 2700 docenti,
1435 2638 1677 2704 operanti
1714 2637 2036 2699 benedicere,
2059 2637 2403 2704 periclitanti.

486 2740 642 2791 opem
683 2723 816 2773 ferre
856 2721 1005 2772 nullo
1044 2738 1283 2789 unquam
1323 2725 1562 2789 tempore
1600 2722 1827 2772 destitit.
1901 2722 2048 2772 Haec
2090 2739 2211 2773 vero
2249 2721 2404 2773 salu--

486 2810 615 2859 taris
656 2808 770 2876 ejus
811 2807 1162 2874 providentia,
1187 2823 1311 2856 cum
1354 2824 1417 2858 ex
1453 2807 1575 2857 aliis
1609 2806 1880 2858 beneficiis
1903 2799 2194 2858 innumeris
2217 2808 2390 2858 conti-

485 2898 672 2945 nenter
696 2893 960 2960 apparuit,
984 2895 1105 2942 tum
1143 2891 1212 2942 iis
1249 2892 1679 2942 manifestissime
1717 2897 1984 2959 comperta
2007 2896 2088 2942 est
2111 2892 2408 2955 fructibus,⁸

487 2981 582 3048 qui
625 2979 736 3029 orbi
781 2977 1064 3028 christiano
1113 2994 1144 3028 e
1193 2975 1441 3028 Conciliis
1485 2978 1836 3028 oecumenicis
1883 2993 1945 3027 ac
1991 2977 2312 3028 nominatim
2359 2993 2406 3028 e·

487 3061 818 3123 Tridentino,
854 3060 1053 3127 iniquis
1086 3059 1216 3109 licet
1252 3059 1578 3126 temporibus
1612 3059 1891 3122 celebrat0‚
1923 3057 2240 3125 amplissimi
2271 3075 2396 3126 pro-
2447 3057 2486 3126 {fg}

487 3134 760 3199 venerunt.
834 3145 980 3195 Hinc
1016 3145 1161 3195 enim
1200 3144 1531 3195 sanctissima
1563 3144 1835 3211 religionis
1874 3145 2127 3212 dogmata
2164 3144 2407 3210 pressius·

489 3231 711 3284 definita
752 3231 1064 3297 uberiusque
1107 3229 1365 3296 exposita,
1408 3245 1598 3278 errores
1641 3228 1884 3278 damnati
1931 3232 2092 3294 atque
2140 3227 2392 3288 cohibiti3
2441 3241 2482 3297 vj

449 3311 452 3314 ⁴
486 3319 613 3369 hinc
649 3316 1002 3368 ecclesiastica
1041 3314 1322 3381 disciplina
1368 3313 1618 3364 restituta
1664 3312 1970 3379 firmiusque
2018 3313 2238 3375 sancita„
2273 3329 2407 3380 pro—

486 3408 696 3455 motum
744 3403 804 3452 in
853 3400 1000 3452 Clero
1058 3399 1311 3450 scientiae
1368 3402 1425 3449 et
1479 3398 1700 3465 pietatis
1758 3399 2015 3460 studium,
2047 3401 2233 3464 parata
2269 3397 2410 3448 ado-

489 3487 806 3540 lescentibus
848 3486 916 3536 ad
960 3501 1159 3536 sacram
1205 3482 1462 3533 militiam
1505 3482 1789 3533 educandis
1838 3482 2078 3550 collegia,
2117 3480 2417 3551 christiani*

489 3573 719 3640 denique
766 3570 952 3639 populi
1002 3586 1171 3621 mores
1227 3572 1283 3619 et
1339 3568 1659 3618 accuratiore
1706 3566 1947 3634 fidelium
1997 3566 2291 3616 eruditione
2338 3568 2406 3616 et-

491 3657 847 3727 frequentiore
897 3658 1337 3707 sacramentorum
1385 3669 1486 3703 usu
1533 3651 1834 3702 instaurati.
1933 3650 2077 3700 Hinc
2125 3654 2404 3717 praeterea
2475 3664 2506 3725 {ij
