2534 4374
987 495 1265 539 neonem.
1953 471 2075 531 223

173 649 349 700 dictus
373 647 500 715 quia
536 647 595 697 in
629 646 838 697 saeculo
871 644 1096 707 laborat,
1120 635 1305 712 regula
1342 643 1484 693 vitae
1517 657 1640 709 prae
1664 639 1785 691 aliis
1809 638 2080 707 indigeat:

171 732 495 801 experientia
544 748 666 782 vero
715 731 773 781 in
824 729 1120 781 Seminario
1164 745 1269 779 sese
1319 727 1592 778 coercendi
1636 731 1693 777 et
1735 725 1803 776 ad
1845 740 2083 774 normam

172 817 383 887 regulae
408 817 624 867 vivendi
649 817 884 879 edoctus,
903 815 1060 866 facile
1079 814 1350 881 intelliget
1375 830 1534 881 quam
1563 812 1699 862 utile
1725 813 1796 861 sit
1819 816 1900 873 ut,
1920 811 2084 860 (etiam

173 903 302 955 dum
345 904 403 953 in
443 902 783 952 missionibus
826 906 1078 964 versatur,
1115 901 1173 951 in
1217 899 1472 951 continua
1515 899 1597 950 sui
1641 897 1883 949 custodia
1922 898 2087 960 vivat,

174 988 448 1055 vitamque
476 1003 626 1036 suam
644 986 807 1054 juxta
830 985 1070 1054 regulam
1109 985 1416 1036 muneribus
1443 990 1498 1035 et
1523 983 1710 1034 officiis
1736 983 1843 1034 suis
1868 983 2089 1050 adapta-

173 1079 287 1124 tam
313 1077 614 1140 componat.
689 1071 839 1132 “Qui
863 1071 1077 1140 regulae
1102 1072 1258 1134 vivit,
1283 1070 1396 1121 Deo
1423 1070 1606 1121 vivit.''
1622 1075 1636 1101 ¹

322 1161 403 1211 19.
442 1159 681 1209 Tandem
704 1174 874 1226 quum
900 1157 1264 1208 seminaristae
1284 1157 1461 1208 vocati
1488 1158 1597 1207 sint
1621 1161 1702 1220 ut,
1721 1157 1919 1207 relictis
1945 1174 2088 1207 com-

97 1245 103 1250 ’
173 1246 345 1298 modis
368 1249 425 1297 et
449 1245 652 1296 solatiis
691 1243 836 1294 vitae
873 1242 1173 1304 saeculariS,
1199 1246 1341 1293 totos
1375 1242 1489 1292 Deo
1513 1246 1566 1292 et
1593 1242 1891 1292 animarum
1928 1242 2087 1292 saluti

172 1349 283 1384 sese
306 1332 619 1394 devoveant,
644 1328 835 1380 mundi
861 1328 1187 1380 consortium
1206 1328 1435 1396 fugient,
1454 1332 1511 1378 et
1527 1344 1597 1378 ne
1615 1332 1853 1395 tempore
1871 1328 2090 1395 quidem

174 1418 514 1469 vacationum
541 1416 653 1467 sine
678 1415 933 1483 Episcopi
958 1414 1181 1465 licentia
1205 1418 1449 1480 parentes
1475 1412 1788 1464 visitabunt.

318 1506 405 1554 20.
443 1502 868 1553 Praemittantur
909 1501 968 1551 in
1010 1499 1304 1551 Seminario
1346 1499 1755 1550 ordinandorum
1800 1499 2089 1567 proclama-

175 1590 362 1640 tiones,

282 1678 370 1726 21.
409 1675 700 1739 Postrem0,
743 1690 867 1724 cum
912 1672 1225 1740 EpiscopuS,
1260 1671 1423 1738 juxta
1466 1671 1764 1720 doctrinam
1811 1670 2086 1720 Benedicti

174 1760 343 1823 XIV.,
393 1764 641 1811 teneatur
697 1774 1008 1828 cognoscere
1066 1773 1185 1809 suos
1234 1757 1302 1807 ad
1362 1756 1715 1806 sacerdotium
1765 1757 2089 1818 candidatoS‚

175 1847 449 1914 ipsiusque
485 1844 808 1895 conscientia
844 1842 1022 1911 quoad
1065 1859 1247 1892 eorum
1297 1841 1689 1892 ordinationem
1740 1844 1953 1891 onerata
2002 1842 2090 1903 sit,

173 1932 292 1982 ideo
317 1931 487 1998 ipsius
521 1930 623 1979 erit
658 1945 746 1980 eos
777 1928 1079 1995 frequenter
1111 1928 1251 1978 sicut
1283 1927 1473 1978 Pastor
1497 1930 1554 1978 et
1586 1926 1747 1977 Pater
1771 1928 2003 1990 visitare,
2030 1934 2091 1977 ut

175 2020 457 2086 cognoscat
482 2032 619 2078 suos,
644 2019 701 2066 et
724 2018 789 2065 ut
812 2031 845 2065 a
869 2014 979 2064 suis
1013 2013 1174 2080 probe
1211 2016 1581 2081 cognoscatur:
1625 2016 1682 2061 et
1707 2012 1921 2078 insuper
1945 2030 2092 2062 cura-

174 2103 258 2154 bit
282 2102 562 2170 exigetque
595 2105 659 2151 ut
693 2101 758 2151 de
791 2100 986 2163 indole,
1011 2098 1266 2161 moribuS,
1300 2114 1361 2148 ac
1394 2113 1667 2165 progressu
1705 2100 1818 2147 tam
1844 2098 1902 2147 in
1928 2099 2093 2148 scien-

175 2189 255 2240 tia
279 2204 443 2255 quam
468 2187 526 2237 in
550 2186 772 2249 virtute,
795 2189 852 2236 et
876 2186 944 2237 de
967 2183 1357 2253 perseverantia
1382 2183 1441 2233 in
1466 2182 1743 2234 vocatione
1763 2183 2087 2251 singulorum

175 2274 649 2335 seminaristarum,
674 2289 706 2322 a
730 2275 930 2322 rectore
969 2270 1156 2338 quovis
1196 2269 1423 2339 singulis
1463 2269 1651 2320 saltem
1690 2271 1843 2320 annis
1873 2270 2093 2320 distinc—

176 2366 290 2412 tam
315 2359 631 2410 relationem
657 2357 906 2425 accipiat.

320 2444 642 2495 Benedictus
682 2442 834 2492 XIV.
875 2458 1057 2492 omnes
1083 2441 1352 2492 Ecclesiae
1386 2439 1689 2492 Catholicae
1716 2442 2004 2509 Episcopos
2028 2444 2093 2493 de

175 2531 434 2601 regimine
467 2528 884 2581 Seminariorum
919 2528 1262 2596 sequentibus
1298 2528 1469 2579 verbis
1499 2536 1832 2595 peramanter
1855 2530 2091 2577 monuit:

176 2616 424 2667 “Eadem
465 2631 587 2666 vero
632 2612 870 2683 Collegia
913 2614 1170 2683 singulari
1213 2617 1386 2665 vestra
1429 2613 1769 2665 solicitudine
1819 2613 2095 2663 foveantur

175 2718 382 2754 necesse
406 2704 510 2750 est:
545 2699 813 2763 videlicet,
833 2716 895 2750 ea
919 2716 1076 2768 saepe
1100 2699 1404 2760 invisend03
1440 2699 1771 2767 singulorum
1796 2698 2093 2749 adolescen-

178 2788 320 2838 tium
379 2786 568 2848 vitam,
617 2784 870 2847 indolem,
918 2788 975 2835 et
1032 2786 1091 2835 in
1148 2785 1339 2836 studiis
1395 2784 1693 2852 profectum
1752 2783 2092 2850 explorando;

179 2874 461 2942 magistros
510 2873 743 2933 idoneoS,
782 2873 1023 2939 virosque
1066 2870 1424 2923 ecclesiastico
1465 2870 1659 2937 spiritu
1701 2868 1984 2936 praeditos,
2027 2870 2093 2919 ad

180 2975 363 3010 eorum
400 2957 667 3008 culturam
703 2957 1044 3018 destinand03
1087 2956 1375 3007 litterarias
1414 2955 1651 3022 ipsorum
1692 2953 2094 3004 exercitationes

177 3046 289 3097 sive
356 3044 737 3094 ecclesiasticas
804 3043 1104 3094 functiones
1172 3041 1489 3110 quandoque
1557 3039 1855 3106 praesentia
1923 3045 2093 3089 vestra

180 3130 498 3189 decorand03
548 3128 730 3196 aliqua
772 3129 987 3179 demum
1029 3126 1287 3179 beneficia
1328 3126 1396 3176 iis
1439 3125 1534 3192 qui
1578 3124 1841 3174 virtutum
1882 3140 2091 3173 suarum

182 3216 450 3284 specimen
489 3214 682 3265 clarius
720 3214 1101 3282 praestiterint,
1141 3212 1501 3280 majoremque
1541 3210 1753 3259 laudem
1796 3208 2093 3271 retulerint,

109 3326 112 3328 v
179 3300 510 3352 conferendo.
609 3299 934 3367 Hujusmodi
983 3299 1130 3349 enim
1179 3297 1544 3366 irrigationem
1595 3293 1884 3344 arbusculis
1932 3293 2093 3354 hisce,

182 3387 312 3437 dum
337 3385 665 3447 adolescunt,
690 3385 1017 3435 ministrasse
1040 3400 1149 3435 non
1173 3400 1264 3434 vos
1288 3383 1586 3450 poeniteat3
1628 3380 1716 3430 sed
1742 3383 1913 3429 vestra
1937 3395 2092 3445 opera

181 3473 532 3524 laetissimum
551 3471 744 3522 deinde
761 3470 911 3522 vobis
929 3470 1121 3521 referet
1139 3469 1375 3519 fructum
1395 3467 1453 3516 in
1472 3466 1620 3516 uberi
1640 3466 1894 3515 bonorum
1914 3481 2093 3531 opera-

181 3560 379 3610 riorum
427 3558 597 3625 copia.
674 3554 1069 3607 Consueverunt
1116 3556 1315 3622 quippe
1365 3551 1616 3619 Episcopi
1662 3549 1870 3617 saepius
1919 3549 2093 3599 dolere

942 3705 953 3727 ¹
977 3706 1020 3746 s.
1054 3704 1183 3757 erog.
1216 3702 1334 3755 Mag.
