2534 4374
934 499 1175 542 APPEND.
1222 501 1274 542 x.
1929 492 2054 550 309

298 646 331 673 “
351 644 575 697 Statum
639 642 930 697 Geowmlm
991 648 1395 701 Associatiouis
1452 651 1553 703 aab
1605 651 1770 705 titulo
1821 654 2053 707 Sunt-em»

157 725 425 782 Caecilia-e.
484 729 560 780 ad
620 728 899 783 musicam
958 749 1179 784 sacr-(0771,
1239 733 1306 785 in
1355 736 1636 789 universis
1700 736 2055 790 Germanic-w*

155 812 385 881 linquae
409 812 572 866 terris
590 815 1031 883 promovendam
1056 816 1432 871 constitutae.''

298 904 330 930 ‘⁶
352 900 396 950 I.
447 901 737 952 Associatio
779 902 978 968 gaudet
1021 904 1085 953 de
1112 906 1436 971 protectione
1466 907 1885 959 Eminentissimi
1934 910 2057 960 Car-

154 986 346 1037 dinalis
382 1003 413 1036 a
452 985 794 1037 Sanctissimo
839 987 995 1038 Patre
1035 988 1411 1056 lmuiguissime
1455 995 1784 1056 nominandi,
1810 1002 1861 1045 ct
1897 996 2057 1062 respi-

154 1071 382 1123 cientiae
431 1070 696 1123 Ordinarii
738 1071 949 1122 illarum
991 1073 1319 1125 Dioecesium
1365 1077 1420 1127 in
1458 1079 1650 1144 quibus
1688 1081 1887 1130 sodales
1914 1081 2058 1131 inve-

154 1156 390 1208 niuntur.
484 1156 858 1207 Associationis
906 1174 1084 1207 causas
1134 1160 1330 1227 diriget
1382 1162 1591 1213 Praeses
1642 1163 1930 1225 Generalis,
1969 1166 2051 1213 cui

154 1243 406 1294 assistunt
431 1242 692 1310 praesides
735 1242 1083 1311 singularium
1123 1243 1474 1298 Dioecesium.
1550 1248 1759 1300 Praeses
1786 1251 2058 1302 Geucmlis

152 1328 304 1396 juxta
352 1327 599 1395 specialia
643 1328 708 1378 de
751 1327 864 1395 ejus
913 1328 1168 1379 electione
1217 1333 1439 1394 statuta,
1488 1338 1543 1383 et
1593 1336 1801 1401 praevio
1850 1352 2057 1385 assensu

155 1414 577 1466 Eminentissimi
652 1414 970 1466 Protectoris
1036 1416 1405 1468 constituetur.
1504 1419 1777 1471 Praeterea
1846 1421 2057 1471 Sodales

155 1500 361 1570 eligunt
403 1505 521 1551 octo
570 1500 707 1551 viros
747 1500 865 1568 jam
905 1501 1152 1568 probatae
1197 1502 1254 1552 in
1292 1508 1405 1554 arte
1448 1506 1648 1555 musica
1692 1506 1928 1573 peritiae,
1966 1507 2055 1572 qui

155 1587 431 1653 exquirant
474 1604 628 1653 opera
671 1585 947 1636 musicalia
985 1586 1147 1655 digna
1173 1604 1308 1654 quae
1334 1589 1388 1638 in
1436 1589 1684 1640 Ecclesiis
1729 1590 1825 1640 Dei
1870 1592 2059 1657 produ-

155 1676 367 1732 cantur3
394 1673 486 1738 qui
502 1688 751 1722 numerus
767 1688 933 1738 usque
948 1672 1016 1721 ad
1036 1672 1232 1740 viginti
1249 1675 1430 1742 augeri
1451 1676 1797 1741 potest.—II.
1846 1676 1921 1726 Ut
1941 1676 2060 1725 finis

154 1757 531 1820 associationis,
547 1773 740 1824 nempe
759 1758 1019 1808 musicam
1040 1774 1238 1807 sacram
1258 1763 1420 1826 atque
1445 1759 1753 1828 liturgicum
1775 1761 2056 1810 secundum

155 1842 401 1911 spiritum
426 1842 694 1894 Ecclesiae
720 1842 1201 1910 ecclesiasticasque
1228 1845 1523 1895 sanctiones
1542 1846 1872 1895 exactissime
1892 1845 2058 1895 obser-

154 1928 349 1979 vandas
369 1945 689 1996 promovere,
700 1928 1021 1991 obtineatur,
1032 1929 1367 1979 associationi
1384 1946 1535 1980 curae
1551 1931 1675 1981 erit:
1700 1930 1776 1980 Ut
1796 1932 1847 1979 1ο
1864 1929 2059 1981 Cantus

157 2012 525 2084 Gregorianus,
552 2014 660 2064 sive
696 2013 904 2081 planuS,
929 2013 1126 2080 ubique
1161 2013 1447 2076 excolatur,
1473 2018 1761 2082 cantusque
1787 2014 2060 2082 figuratus,

155 2098 502 2168 polyphonUS,
537 2103 798 2166 quatenus
835 2097 1042 2167 legibus
1086 2097 1453 2148 ecclesiasticis
1491 2098 1771 2150 conformis
1813 2105 1910 2161 est,
1954 2101 2062 2149 sive

156 2184 564 2253 compositiones
582 2185 855 2251 pertinent
874 2184 941 2235 ad
960 2187 1195 2234 aetatem
1215 2184 1558 2234 vetustiorem
1578 2185 1687 2234 sive
1707 2186 2061 2244 recentiorem,

155 2274 488 2339 propagetur.
565 2267 619 2319 2Ο
671 2267 980 2320 Cantilenae
1006 2285 1178 2319 sacrae
1203 2287 1235 2319 a
1261 2268 1457 2336 populo
1483 2269 1541 2319 in
1566 2269 1880 2336 quibusdam
1907 2271 2061 2321 devo-

157 2355 391 2407 tionibus
418 2355 687 2406 decantari
714 2354 898 2405 solitae
926 2358 1144 2405 eatenus
1170 2354 1479 2418 tolerantur,
1505 2360 1768 2424 quatenus
1804 2372 1888 2405 eas
1923 2356 2061 2423 leges

156 2441 436 2492 canonicae
471 2441 813 2507 permittunt.
890 2437 944 2488 30
982 2439 1148 2507 Leges
1173 2439 1572 2503 ecclesiasticae,
1600 2440 1774 2507 quoad
1808 2441 2061 2491 adhiben-

157 2526 286 2578 dum
312 2542 568 2595 organum
595 2529 871 2591 ceteraque
896 2523 1166 2575 toleranda
1197 2524 1553 2575 instrument-a
1577 2526 1796 2587 musica,
1822 2533 2061 2576 accurate

156 2612 581 2663 observabuntur.
656 2611 713 2660 tl:0
763 2609 1035 2671 Quatenus
1060 2611 1118 2660 in
1143 2610 1462 2678 quibusdam
1488 2610 1734 2671 ecclesiiS‚
1759 2612 2060 2676 praesertim

156 2697 445 2748 minoribus
464 2713 525 2747 ac
543 2695 817 2759 ruralibUS,
834 2712 940 2747 non
960 2696 1146 2746 statim
1165 2712 1297 2763 quae
1316 2695 1461 2745 dicta
1480 2697 1679 2746 suntin
1700 2712 1852 2745 usum
1874 2695 2060 2745 deduci

156 2788 392 2852 possunt,
408 2782 653 2834 omnibus
674 2782 861 2833 saltem
877 2782 1077 2833 viribus
1093 2781 1403 2832 enitendum
1424 2786 1505 2832 est
1519 2785 1579 2831 ut
1597 2782 1799 2831 musica
1816 2781 2059 2849 liturgica

154 2868 415 2936 paulatim
440 2868 497 2918 in
523 2867 795 2918 meliorem
815 2871 1017 2918 statum
1036 2866 1520 2918 reducatur.—III.
1560 2866 1771 2917 Praeses
1791 2866 2060 2917 Generalis

156 2953 593 3004 Eminentissimo
621 2951 889 3004 Cardinali
918 2952 1213 3004 Protectori
1240 2952 1464 3020 singulis
1490 2953 1642 3002 annis
1668 2953 1923 3003 rationem
1950 2953 2061 3002 red—

154 3039 244 3090 det
269 3040 332 3090 de
357 3039 490 3089 actis
516 3044 571 3089 et
595 3038 916 3106 profectibus
942 3038 1337 3101 AssociationiS,
1359 3042 1414 3088 et
1433 3037 1597 3088 simili
1623 3037 1779 3087 modo
1803 3038 2060 3103 praesides

154 3124 481 3175 Dioecesium
507 3124 960 3175 Reverendissimo
987 3123 1308 3175 Ordinario.”

296 3210 331 3262 J
333 3228 421 3262 am
444 3228 565 3262 vero
590 3227 712 3261 cum
737 3209 1016 3261 memorati
1042 3210 1329 3260 Antistites
1354 3209 1413 3259 in
1438 3210 1574 3259 hanc
1595 3208 1791 3259 Urbem
1813 3208 2056 3258 Nostram

154 3298 437 3348 novissime
473 3297 838 3347 convenissent
878 3296 945 3346 ad
984 3294 1390 3346 Oecumenicam
1430 3293 1702 3361 Synodum
1727 3292 2060 3351 Vaticanam,

155 3388 345 3452 magno
370 3399 402 3432 a
425 3381 591 3433 Nobis
615 3398 767 3449 opere
792 3379 1104 3450 flagitarunt
1129 3385 1191 3430 ut
1217 3379 1590 3446 suprascriptas
1616 3377 1798 3445 LegeS,
1818 3378 2060 3427 Auctori-

155 3471 267 3518 tate
290 3466 482 3518 Nostra
506 3465 825 3534 Apostolica,
850 3465 1221 3516 corfirmemus.
1298 3462 1397 3515 Cui
1436 3463 1687 3530 petitioni
1726 3462 1834 3513 Nos
1875 3462 2058 3512 luben-

155 3552 359 3603 tissime
418 3556 729 3613 annuenteS,
789 3554 993 3600 mature
1042 3566 1153 3600 rem
1215 3547 1722 3599 communicavimus
1772 3563 1892 3596 cum
1945 3546 2056 3595 VV.

155 3636 427 3688 Fratribus
466 3636 587 3687 NN.
627 3635 681 3688 S.
715 3635 779 3686 R.
811 3636 874 3685 E.
915 3633 1278 3686 Cardinalibus
1323 3631 1756 3701 Congregationis
1802 3631 2058 3699 legitimis

156 3721 416 3772 Ecclesiae
465 3722 678 3773 Ritibus
728 3720 1100 3790 cognoscendis
1150 3717 1494 3785 praepositae,
1538 3716 1704 3783 deque
1756 3717 2054 3767 eorumdem
