2534 4374
984 490 1264 534 DECRETA.
1944 482 2064 537 169

160 633 388 686 cialibus
413 652 575 703 quam
601 636 920 688 dioecesanis
946 643 1219 690 occurrant
1243 641 1550 692 tractandae
1574 658 1798 709 quarum
1825 642 2017 694 solutio
2042 663 2073 693 a

161 719 432 770 canonicis
457 719 661 789 legibus
685 723 914 789 pendeat
939 728 995 774 et
1019 724 1388 776 deliberationi
1414 742 1475 777 ac
1500 727 1719 778 consilio
1746 729 2072 779 sacerdotum

164 803 555 867 committatur,
580 807 765 856 crescit
789 807 846 857 in
872 807 984 858 dies
1008 809 1290 861 necessitas
1306 810 1445 876 juris
1469 810 1813 863 ecclesiastici
1834 813 2073 863 studium

167 888 307 938 inter
329 903 424 939 nos
459 890 816 956 aggrediendi.
891 891 1265 946 Institutiones
1303 894 1491 947 saltem
1522 895 1661 964 juris
1700 895 1954 948 Canonici
1990 899 2073 949 vel

167 972 360 1023 Devoti
403 973 487 1023 vel
524 974 740 1026 alterius
775 977 983 1043 probati
1019 981 1249 1031 auctoris
1285 998 1465 1032 omnes
1488 999 1781 1049 percurrere
1806 983 2077 1047 deberent,

162 1059 344 1127 sicque
369 1075 424 1110 se
448 1060 587 1111 sanis
611 1061 890 1130 principiis
914 1063 1403 1118 fundamentalibus
1426 1067 1701 1120 instruere.

314 1146 444 1198 VII.
495 1148 737 1217 Linguae
779 1148 1000 1200 Latinae
1044 1152 1103 1200 in
1134 1151 1424 1220 Theologia
1467 1154 1713 1203 discenda
1753 1156 1810 1205 et
1846 1153 2082 1205 docenda

172 1249 327 1284 usum
373 1249 692 1302 magnopere
749 1234 1198 1299 commendamus,
1255 1237 1562 1303 praesertim
1621 1254 1741 1289 vero
1805 1238 1859 1290 in
1934 1238 2081 1290 scho-

172 1318 373 1370 lasticis
412 1318 886 1386 disceptationibus
929 1323 984 1370 et
1008 1320 1238 1387 publicis
1262 1320 1498 1373 thesibus
1524 1323 1863 1374 sustinendis.
1939 1323 2080 1374 Nam

167 1404 286 1473 ejus
308 1404 619 1455 exercitium
645 1404 889 1456 omnibus
914 1405 1042 1456 viris
1067 1406 1434 1458 ecclesiasticis
1460 1409 1657 1458 summi
1683 1411 1945 1460 momenti
1983 1414 2081 1472 est,

172 1491 402 1541 maxime
446 1490 489 1540 si
529 1489 596 1541 ad
636 1490 928 1561 dignitates
957 1490 1039 1541 vel
1067 1508 1285 1545 munera
1309 1492 1663 1544 ecclesiastica
1687 1499 2081 1561 promoventur,

172 1578 238 1626 ut
298 1575 616 1626 documenta
677 1575 780 1626 rite
846 1574 1101 1628 conficere
1149 1581 1205 1627 et
1253 1577 1502 1644 epistolas
1550 1579 1869 1630 conscribere
1918 1580 2082 1630 etiam

171 1660 439 1729 eleganter
488 1660 656 1711 latino
700 1677 935 1712 sermone
978 1661 1207 1713 valeant.
1283 1661 1389 1713 Sed
1428 1663 1642 1731 insuper
1683 1664 1978 1715 accuratior
2003 1671 2083 1716 est

173 1763 376 1814 semper
391 1746 655 1817 dogmatis
681 1746 941 1810 definitio,
967 1751 1024 1798 et
1048 1748 1274 1799 securior
1298 1764 1544 1799 sanorum
1578 1748 1853 1801 verborum
1898 1751 2082 1814 forma,

172 1833 218 1883 si
259 1833 318 1883 in
360 1831 454 1882 illo
499 1848 735 1885 sermone
771 1833 1026 1884 memoria
1068 1836 1367 1896 teneantur,
1405 1836 1461 1884 et
1503 1834 1562 1884 in
1605 1834 1942 1887 discutiendo
1967 1853 2085 1904 pro-

168 1917 422 1981 ferantur,
470 1917 530 1967 in
562 1904 684 1985 ‘quo
732 1917 932 1968 tradita
979 1917 1132 1970 nobis
1180 1918 1248 1969 ab
1297 1917 1536 1970 Ecclesia
1584 1922 1641 1970 et
1677 1920 2084 1988 sapientissimis

172 2003 432 2071 theologis
492 2002 725 2053 fuerunt.
817 2001 1156 2074 Repagulum
1219 2002 1390 2072 igitur
1456 2004 1763 2071 ponendum
1812 2022 2085 2057 censemus

173 2089 440 2158 neglectui
481 2087 643 2155 hujus
678 2085 983 2138 Catholicae
1026 2087 1293 2139 Ecclesiae
1341 2088 1575 2159 linguae,
1626 2107 1760 2158 quae
1811 2093 2085 2143 vinculum

172 2173 464 2227 Orthodoxi
531 2189 811 2224 consensus
854 2177 910 2224 et
957 2173 1089 2224 tuba
1136 2173 1447 2225 universalis
1495 2174 1738 2227 veritatis
1786 2180 1928 2228 recte
1975 2179 2081 2228 dici

171 2263 364 2328 potest.
436 2258 872 2313 Examinationes
891 2259 949 2308 in
967 2258 1256 2329 Theologia
1279 2263 1545 2327 quantum
1570 2258 1687 2315 fieri
1708 2265 1889 2329 potest
1912 2262 2079 2314 latine

171 2350 478 2401 habeantur.

312 2434 471 2485 VIII.
520 2438 554 2464 ‘⁶
575 2433 735 2485 Fides
796 2434 1016 2502 quidem
1082 2449 1147 2485 ex
1208 2435 1419 2499 auditu,
1480 2435 1698 2487 auditus
1755 2441 1939 2490 autem
1986 2456 2078 2506 per

170 2521 390 2573 verbum
437 2519 553 2571 Dei.
651 2519 923 2580 Quomodo
978 2522 1159 2571 autem
1215 2520 1439 2571 audient
1487 2521 1600 2572 sine
1650 2523 1989 2590 praedicante
2004 2524 2029 2575 Ρ
2048 2525 2075 2547 ”

177 2606 351 2676 (Rom.
393 2623 444 2657 x,
488 2605 600 2675 15.)
673 2605 773 2657 Est
810 2622 933 2675 ergo
974 2606 1074 2658 hoc-
1097 2607 1237 2658 inter
1262 2606 1569 2658 sublimiora
1594 2609 1875 2659 sacerdotis
1900 2608 2073 2660 officia

172 2710 280 2745 esse
317 2691 477 2743 Verbi
514 2691 615 2742 Dei
656 2708 983 2759 praeconem,
1026 2707 1134 2743 non
1175 2693 1454 2744 verborum
1491 2694 1642 2761 copia
1669 2693 1961 2745 facundum
1986 2697 2075 2747 sed

172 2794 329 2829 sanae
370 2777 638 2828 doctrinae
679 2777 968 2828 traditione
1007 2778 1352 2829 fructuosum.
1427 2777 1479 2829 N
1482 2795 1541 2830 ec
1584 2779 1804 2830 minoris
1841 2780 2083 2832 facienda

174 2868 300 2915 sunt
365 2862 471 2913 alia
532 2879 753 2914 munera
818 2862 1119 2931 pastoralia,
1187 2863 1359 2914 veluti
1408 2863 1734 2915 catecheseos
1779 2865 2082 2933 explicati0,

171 2948 413 3000 fidelium
451 2949 510 2998 in
548 2949 636 2998 via
676 2948 862 2999 salutis
905 2949 1142 3012 directiO,
1192 2948 1402 3016 aliaque
1439 2949 1593 3016 plura
1617 2965 1754 3016 quae
1780 2966 2083 3002 enumerare

174 3038 310 3085 esset
352 3049 812 3101 supervacaneum.
886 3033 1126 3084 Maxime
1175 3038 1315 3084 certe
1363 3034 1629 3101 prodesset
1677 3034 1871 3085 futuris
1920 3053 2084 3087 sacer—

174 3119 387 3170 dotibus
435 3135 603 3186 aeque
650 3135 712 3169 ac
761 3119 1010 3188 gregibus
1058 3118 1166 3171 illis
1215 3119 1633 3182 committendiS,
1683 3120 1729 3170 si
1786 3119 2083 3189 theologiae

174 3204 450 3273 pastoralis
497 3220 659 3271 quam
708 3203 864 3272 ajunt
911 3204 1082 3255 brevis
1132 3204 1321 3255 saltem
1371 3221 1568 3267 curSUS,
1618 3204 1703 3255 vel
1751 3205 1919 3255 etiam
1959 3224 2081 3257 cum

171 3307 403 3341 asceseos
446 3289 624 3341 studio
667 3290 998 3357 conjunctuS,
1048 3290 1239 3341 studiis
1282 3291 1409 3341 addi
1451 3293 1644 3358 posset.
1720 3289 1872 3350 Quod
1914 3292 1959 3340 si
1985 3292 2081 3342 hoc

172 3375 288 3426 fieri
329 3378 575 3443 nequeat,
617 3374 804 3426 saltem
840 3378 1014 3442 posset
1038 3375 1269 3425 alumnis
1295 3375 1566 3438 inculcari,
1590 3379 1655 3425 ut
1679 3375 1989 3442 priusquam
2014 3378 2079 3427 ad

175 3461 464 3515 ministerii
506 3461 588 3511 sui
629 3461 940 3512 exercitium
978 3461 1395 3530 progrediantur,
1438 3461 1675 3528 aliquam
1720 3462 1996 3511 scientiam
2023 3463 2076 3512 in

174 3547 318 3598 hisce
366 3546 662 3613 disciplinis
709 3546 935 3614 adipisci
984 3551 1192 3598 strenue
1236 3551 1506 3597 conentur.
1583 3545 1845 3597 Similiter
1869 3555 2076 3614 possent

172 3649 353 3683 eorum
395 3636 599 3683 mentes
640 3632 710 3683 ad
753 3633 930 3683 studia
974 3632 1226 3700 liturgica
1269 3635 1326 3682 et
1368 3631 1643 3681 historiam
1669 3631 2073 3683 ecclesiasticam

177 3718 514 3768 excolendam
558 3717 783 3769 feliciter
814 3718 975 3786 dirigi
1000 3721 1034 3747 “
1052 3722 1116 3767 ut
1139 3717 1401 3784 perfectus
1427 3717 1498 3767 sit
1522 3716 1679 3767 homo
1705 3716 1806 3767 Dei
1830 3717 1898 3767 ad
1924 3734 2078 3768 omne

173 3818 306 3870 opus
328 3803 528 3854 bonum
552 3803 843 3854 instructus
861 3802 888 3827 ²⁹
926 3801 984 3872 (2
1011 3803 1151 3854 Tim.
1177 3803 1248 3853 iv.
1279 3800 1342 3853 17
1349 3802 1407 3871 .).
