2534 4374
1012 447 1291 491 DEGRETA.
1971 447 2002 505 1
2017 449 2049 509 7
2059 451 2093 504 5

329 602 414 653 Ad
456 600 745 652 secundum
785 600 954 669 igitur
1002 600 1306 667 quaesitum
1356 599 1745 667 respondemuS,
1795 602 2104 669 priusquam

186 687 390 755 aliquid
414 686 772 749 decernamuS,
806 690 931 737 ante
955 689 1183 755 quatuor
1218 700 1400 748 annos,
1428 684 1716 753 Episcopos
1742 686 1801 735 in
1829 684 2104 737 Conventa

188 790 281 826 suo
324 770 752 839 extra-synodali
792 771 860 822 de
898 771 997 822 hac
1040 787 1095 822 re
1137 774 1255 821 tota
1287 769 1621 832 deliberasse,
1646 775 1703 821 et
1728 771 1972 821 unanimi
2000 772 2106 822 fere

189 862 328 922 voto,
372 857 509 907 hanc
559 872 825 907 summam
874 856 1034 907 unius
1083 854 1267 917 librae,
1317 871 1411 922 pro
1462 852 1837 906 Cathedratico
1883 856 1940 906 in
1992 862 2106 906 toto

188 943 384 1013 Anglia
432 941 827 992 determinasse.
925 941 1010 991 Ad
1071 956 1312 990 normam
1374 939 1535 1007 hujus
1575 939 1884 1003 decisionis,
1935 941 2109 1007 plures

191 1026 446 1098 Episcopi
499 1026 618 1095 jam
679 1026 737 1076 in
787 1026 895 1077 suis
944 1025 1281 1077 Dioecesanis
1344 1024 1570 1094 Synodis
1626 1026 1818 1077 libram
1880 1042 1912 1077 a
1973 1027 2109 1077 clero

186 1115 493 1183 exegerunt,
542 1110 812 1174 videlicet,
863 1110 1048 1161 Emus,
1099 1110 1563 1178 Metropolitanus,
1616 1111 1869 1179 Episcopi
1921 1111 2109 1164 Bever—

189 1201 428 1263 lacensiS,
488 1198 935 1266 LiverpolitanuS,
997 1197 1555 1267 Birminghamiensis,
1619 1197 2009 1261 Salfordiensis,
2054 1203 2110 1249 et

190 1287 243 1340 N
244 1285 729 1354 ottinghamiensiS.
802 1282 961 1334 Nunc
1001 1300 1120 1334 vero
1159 1300 1302 1347 cum,
1337 1283 1566 1351 jubente
1592 1282 1645 1335 S.
1675 1283 2111 1353 congregatione,

190 1390 299 1425 rem
342 1374 516 1422 totam
558 1370 731 1420 denuo
776 1368 1183 1436 exagitavimus,
1228 1368 1472 1418 nonnulli
1510 1385 1574 1421 ex
1615 1368 1892 1436 Episcopis
1935 1373 2112 1422 nostro

190 1457 453 1510 consessui
513 1455 897 1524 patefecerunt,
958 1453 1100 1519 quod
1170 1457 1386 1520 propter
1454 1456 1828 1520 paupertatem
1894 1453 2111 1520 plurimi

193 1544 275 1596 sui
302 1541 459 1606 Cleri,
484 1538 811 1608 impossibile
850 1542 988 1590 esset
1030 1538 1167 1588 hanc
1211 1554 1479 1589 summam
1517 1538 1622 1589 nisi
1661 1555 1692 1588 a
1735 1539 1920 1605 paucis
1963 1556 2027 1589 ex
2052 1555 2112 1589 eo

194 1631 452 1697 expetere.
528 1625 876 1693 Quapropter,
916 1639 1042 1675 cum
1083 1622 1219 1673 clero
1258 1622 1512 1673 benevole
1551 1626 1608 1674 et
1631 1626 1875 1674 amanter
1911 1640 2114 1691 semper

191 1713 387 1785 agendi
411 1711 614 1780 cupidi,
639 1726 777 1778 quae
802 1711 1096 1778 sequuntur
1121 1709 1471 1760 decernimus.

337 1816 385 1867 Ι.
437 1813 573 1867 Cum
615 1812 849 1864 maxime
892 1813 1158 1880 expediat,
1202 1816 1265 1864 ut
1314 1812 1655 1865 uniformitas
1705 1817 1974 1866 statuatur
2022 1832 2114 1883 per

191 1919 375 1956 omnes
422 1899 652 1969 Angliae
707 1897 1006 1961 DioeceseS,
1055 1898 1115 1948 in
1164 1898 1338 1950 valore
1401 1896 1764 1950 cathedratici
1826 1901 2114 1967 quotannis

195 1986 462 2047 solvendi3
524 2001 649 2036 cum
697 1983 929 2037 veroin
978 1983 1249 2051 aliquibus
1298 1983 1640 2038 Dioecesibus
1688 1985 1882 2052 quibus
1933 1986 2115 2054 ‘magis

193 2071 469 2126 benedixit
485 2069 626 2121 Deus
640 2085 750 2120 una
774 2068 911 2120 libra
935 2084 1043 2120 non
1064 2072 1201 2120 esset
1219 2069 1408 2133 nimia,
1422 2070 1483 2120 in
1508 2069 1630 2121 aliis
1655 2087 1775 2121 vero
1800 2075 2116 2138 paupertate

194 2155 555 2210 laborantibus
594 2155 738 2206 ultra
779 2155 915 2206 vires
960 2152 1097 2206 Cleri
1135 2158 1448 2223 reputetur3
1486 2171 1610 2205 cum
1635 2154 1865 2222 denique
1890 2156 2116 2206 minime

195 2245 269 2297 sit
340 2241 604 2309 aequitati
677 2242 1112 2303 consentaneum,
1197 2244 1262 2291 ut
1332 2240 1668 2307 pauperiores
1742 2241 2117 2307 copiosioribus

195 2328 623 2396 aequiparentur,
667 2324 758 2376 sed
798 2324 1058 2376 contrarie
1097 2341 1207 2376 esse
1232 2324 1442 2387 debeat,
1469 2325 1799 2375 decernimus
1838 2325 2115 2392 aequalem

196 2414 383 2466 debere
424 2412 485 2463 in
526 2413 797 2479 posterum
838 2427 949 2462 esse
992 2409 1314 2462 solutionem
1356 2408 1716 2461 Cathedratici
1763 2411 1822 2460 in
1871 2410 2115 2461 omnibus

196 2497 539 2551 Dioecesibus
564 2500 622 2549 et
646 2499 885 2550 constare
909 2496 1199 2548 medietate
1223 2495 1390 2548 librae
1415 2495 1717 2564 sterlingae.

341 2605 420 2657 Π.
472 2603 609 2657 Cum
633 2620 754 2656 vero
796 2602 940 2655 hisce
964 2602 1143 2654 dubiis
1167 2602 1234 2655 de
1259 2601 1434 2653 valore
1461 2599 1825 2652 Cathedratici
1850 2618 2115 2653 annexum

197 2694 313 2744 erat
354 2694 412 2742 et
454 2689 682 2741 alterum
724 2688 1080 2752 enodandum,
1106 2689 1247 2756 quod
1284 2687 1337 2740 S.
1366 2686 1719 2756 Congregatio
1743 2688 1895 2739 nobis
1919 2690 2117 2756 pariter

198 2775 562 2838 demandavit,
623 2773 830 2826 scilicet
902 2774 970 2825 de
1042 2774 1275 2842 personis
1348 2790 1382 2824 a
1453 2774 1647 2842 quibus
1721 2773 1853 2825 solvi
1926 2775 2116 2825 debeat

200 2860 657 2916 Cathedraticum:
684 2859 1047 2911 conditionem
1071 2860 1239 2911 nostri
1265 2857 1424 2924 Cleri,
1450 2877 1680 2928 suaeque
1706 2861 2114 2911 sustentationis

197 2947 458 2999 rationem
494 2944 893 3013 perpendentes,
932 2948 1209 3012 sequentes
1248 2944 1386 2996 viros
1430 2944 1830 2997 Ecclesiasticos
1874 2945 2111 2996 decerni-

198 3049 319 3084 mus
341 3031 410 3082 ad
433 3029 571 3081 illud
595 3029 905 3082 solvendum
928 3031 1131 3082 teneri:

345 3139 394 3188 1.
446 3135 670 3206 Singula
695 3134 947 3205 Capitula
967 3155 1032 3188 ex
1056 3136 1332 3188 communi
1354 3152 1544 3187 massa.

345 3244 397 3293 2.
446 3241 746 3310 Presbyteri
787 3242 954 3294 titulo
996 3242 1271 3294 Missionis
1311 3241 1562 3306 ordinati,
1605 3240 1700 3307 qui
1742 3240 2010 3308 stipendia
2045 3241 2113 3292 ab

200 3327 379 3396 aliqua
405 3327 644 3379 Ecclesia
667 3327 753 3379 vel
778 3326 1018 3381 Oratorio
1042 3329 1326 3396 recipiunt.

347 3438 397 3486 3.
447 3434 550 3496 Qui
575 3451 756 3486 curam
779 3438 975 3504 gerunt
998 3435 1317 3486 animarum.

345 3542 398 3591 4.
448 3538 553 3601 Qui
612 3543 863 3607 praesunt
924 3539 1176 3590 Ecclesiis
1235 3538 1321 3590 vel
1384 3535 1637 3589 Oratoriis
1697 3536 1946 3604 publiciS,
2007 3538 2109 3588 nisi

200 3624 484 3694 specialem
508 3624 901 3692 exemptionem
935 3624 1153 3693 probare
1189 3623 1421 3675 valeant.
