2534 4374
462 442 587 502 286
1025 461 1185 502 coxo.
1232 462 1401 503 PRov.
1446 461 1662 502 wsss'rM.
1708 461 1783 502 1v.

601 609 862 670 Quoniam
905 626 1025 661 vero
1069 610 1179 660 sine
1202 608 1307 659 fide
1345 609 1670 675 impossibile
1703 614 1781 660 est
1814 609 2018 676 placere
2054 609 2181 671 Dec,
2205 613 2260 660 et
2283 610 2352 661 ad

465 692 695 744 filiorum
721 695 835 762 ejus
851 694 1173 745 consortium
1191 694 1485 761 pervenire3
1523 694 1640 744 ideo
1658 694 1862 744 nemini
1879 710 2112 761 unquam
2132 694 2243 744 sine
2257 694 2355 746 illa

456 779 686 846 contigit
701 777 1038 845 justificatio,
1062 793 1158 827 nec
1182 777 1341 839 ullus,
1364 777 1468 828 nisi
1500 777 1557 827 in
1591 793 1653 828 ea
1684 778 2086 844 perseveraverit
2109 794 2271 844 usque
2293 779 2353 830 in

456 861 637 926 finem,
686 863 853 913 vitam
903 865 1170 912 aeternam
1218 866 1531 929 assequetur.
1608 862 1687 913 Ut
1734 866 1914 913 autem
1963 861 2133 913 officio
2177 879 2352 914 veram

455 946 618 998 fidem
641 946 1014 1018 amplectendi,
1038 948 1098 997 in
1121 963 1286 1014 eaque
1327 950 1627 998 constanter
1663 946 2023 1014 perseverandi
2060 946 2353 999 satisfacere
2448 939 2486 977 ’Ψ

455 1048 740 1099 possemUS,
760 1031 901 1082 Deus
919 1048 1010 1099 per
1028 1031 1232 1082 Filium
1253 1049 1408 1082 suum
1426 1032 1767 1099 unigenitum
1787 1031 2077 1082 Ecclesiam
2094 1031 2357 1094 instituit,

458 1131 684 1183 suaeque
708 1116 1066 1168 institutionis
1102 1117 1398 1168 manifestis
1433 1117 1575 1167 notis
1610 1118 1880 1179 instruxit,
1904 1122 1968 1168 ut
1993 1134 2055 1168 ea
2077 1121 2355 1185 tamquam
2456 1109 2460 1116 ’

455 1206 630 1251 custos
678 1204 735 1251 et
783 1201 1038 1268 magistra
1085 1202 1228 1252 verbi
1275 1202 1495 1253 revelati
1542 1203 1610 1254 ab
1658 1203 1901 1254 omnibus
1923 1206 2099 1270 posset
2121 1203 2351 1271 agnosci.

455 1285 539 1336 Ad
565 1284 729 1336 solam
754 1287 897 1335 enim
922 1286 1236 1337 catholicam
1262 1286 1555 1338 Ecclesiam
1595 1305 1657 1339 ea
1693 1289 1962 1356 pertinent
2000 1287 2196 1350 omnia,
2218 1303 2357 1353 quae

456 1371 524 1421 ad
547 1370 851 1420 evidentem
874 1369 1002 1421 fidei
1026 1371 1341 1424 christianae
1378 1373 1789 1424 credibilitatem
1825 1377 1940 1424 tam
1963 1372 2137 1423 multa
2161 1375 2216 1423 et
2239 1374 2353 1422 tam
2412 1430 2418 1435 ,
2447 1399 2449 1402 <
2472 1349 2489 1450 ι’·

455 1455 591 1504 mira
615 1455 874 1506 divinitus
912 1460 1038 1506 sunt
1069 1457 1340 1524 disposita.
1414 1457 1555 1519 Quin
1580 1458 1744 1509 etiam
1770 1457 2006 1509 Ecclesia
2028 1474 2120 1524 per
2143 1473 2197 1507 se
2219 1457 2358 1523 ipsa,
2444 1454 2495 1530 ’ᾖ

456 1540 524 1590 ob
565 1557 715 1591 suam
754 1557 945 1609 nempe
980 1542 1346 1595 admirabilem
1382 1543 1838 1611 propagationem,
1870 1542 2123 1593 eximiam
2159 1542 2357 1592 sancti-

455 1629 626 1676 tatem
675 1628 731 1675 et
778 1626 1146 1677 inexhaustam
1195 1629 1252 1678 in
1302 1629 1547 1679 omnibus
1603 1628 1756 1678 bonis
1803 1627 2238 1689 foecunditatem,
2285 1625 2355 1676 ob

455 1710 773 1762 catholicam
797 1713 1083 1775 unitatem,
1107 1713 1470 1781 invictamque
1514 1712 1884 1775 stabilitatem,
1908 1727 2164 1780 magnum
2187 1710 2357 1778 quod·

456 1796 580 1846 dam
617 1800 673 1847 et
707 1801 1024 1863 perpetuum
1067 1802 1148 1848 est
1186 1798 1448 1848 motivum
1485 1796 1854 1848 credibilitatis
1891 1799 1948 1846 et
1983 1796 2195 1847 divinae
2230 1811 2358 1846 suae
2459 1829 2466 1844 2

455 1880 738 1950 legationis
763 1882 1133 1934 testimonium
1163 1882 1533 1951 irrefragabile.

445 2032 447 2034 v
599 1965 714 2026 Quo
738 1965 821 2028 fit,
845 1971 910 2016 ut
933 1968 1048 2039 ipsa
1072 1966 1241 2018 veluti
1266 1967 1477 2035 signum
1501 1968 1736 2018 levatum
1771 1967 1831 2017 in
1865 1966 2144 2029 nationes,l
2187 1968 2245 2017 et
2283 1966 2352 2017 ad

457 2069 511 2102 se
534 2051 748 2113 invitet,
772 2052 864 2119 qui
888 2053 1125 2103 nondum
1150 2053 1500 2115 crediderunt,
1523 2057 1580 2104 et
1602 2052 1739 2103 filios
1765 2069 1883 2103 suos
1907 2052 2150 2103 certiores
2173 2051 2357 2112 faciat,

454 2137 754 2189 firmissimo
811 2139 916 2189 niti
972 2138 1317 2189 fundamento
1373 2137 1553 2200 fidem,
1608 2154 1770 2205 quam
1826 2137 2154 2205 profitentur.
2251 2134 2353 2188 Cui

456 2222 673 2290 quidem
697 2224 1006 2274 testimonio
1031 2221 1213 2274 efficax
1246 2223 1540 2274 subsidium
1564 2223 1768 2273 accedit
1792 2240 1856 2273 ex
1879 2238 2104 2290 superna
2134 2222 2350 2273 virtute.

456 2308 674 2358 Etenim
696 2307 1103 2378 benignissimus
1144 2307 1402 2360 Dominus
1445 2313 1502 2359 et
1541 2312 1768 2360 errantes
1809 2308 1982 2376 gratia
2020 2323 2113 2358 sua
2154 2306 2352 2358 excitat

456 2396 616 2459 atque
639 2392 876 2460 adjuvat,
899 2396 966 2443 ut
987 2393 1055 2443 ad
1079 2394 1409 2461 agnitionem
1433 2395 1672 2445 veritatis
1696 2394 1873 2444 venire
1895 2394 2124 2461 possint3
2167 2396 2224 2444 et
2247 2396 2352 2454 eos,

456 2494 586 2544 quos
628 2478 694 2528 de
732 2479 961 2530 tenebris
1002 2478 1280 2529 transtulit
1322 2479 1380 2529 in
1422 2478 1730 2530 admirabile
1767 2479 1950 2529 lumen
1973 2495 2147 2541 suum,
2169 2478 2228 2529 in
2251 2476 2350 2528 hoc

457 2561 640 2611 eodem
663 2561 867 2612 lumine
890 2567 955 2613 ut
978 2567 1329 2630 perseverent,
1338 2564 1511 2632 gratia
1536 2581 1630 2615 sua
1653 2563 1946 2627 confirmat,
1969 2580 2075 2614 non
2098 2563 2351 2626 deseram,

457 2647 561 2697 nisi
586 2647 868 2698 deseratur.
924 2647 1176 2708 Quocirca
1200 2649 1424 2699 minime
1448 2666 1542 2716 par
1564 2654 1646 2700 est
1670 2650 1904 2701 conditio
1929 2665 2125 2711 eorum,
2141 2649 2235 2716 qui
2257 2665 2351 2715 per

457 2733 679 2783 caeleste
735 2732 862 2784 fidei
917 2733 1114 2783 donum
1171 2734 1460 2786 catholicae
1517 2735 1731 2786 veritati
1778 2735 2142 2798 adhaeserunt,
2189 2725 2350 2801 atque

457 2836 653 2881 eorum,
677 2819 772 2886 qui
815 2819 964 2869 ducti
1003 2819 1338 2885 opinionibus
1380 2819 1643 2882 humaniS,
1668 2820 1855 2870 falsam
1897 2819 2206 2887 religionem
2241 2835 2350 2868 sec-

456 2909 639 2954 tantur
646 2921 661 2964 3
686 2903 769 2954 illi
792 2904 953 2966 enim,
971 2904 1064 2971 qui
1089 2902 1250 2954 fidem
1275 2905 1371 2956 sub
1396 2905 1660 2955 Ecclesiae
1677 2905 1982 2973 magisterio
2000 2907 2349 2970 susceperunt,

455 2988 661 3039 nullam
684 3005 918 3055 unquam
953 2988 1141 3039 habere
1175 2993 1395 3056 possunt
1410 2989 1614 3056 justam
1650 3006 1861 3040 causam
1885 2988 2148 3050 mutandi,
2171 2992 2266 3038 aut
2288 2988 2348 3037 in

455 3074 675 3124 dubium
717 3073 879 3124 fidem
921 3074 1162 3124 eamdem
1201 3075 1493 3125 revocandi.
1569 3075 1713 3136 Quae
1755 3092 1876 3126 cum
1898 3075 1978 3125 ita
2002 3076 2128 3136 sint,
2150 3073 2348 3142 gratias

455 3162 669 3226 agentes
710 3156 822 3208 Deo
864 3157 1032 3220 Patri,
1055 3159 1149 3226 qui
1190 3158 1378 3227 dignos
1419 3174 1514 3210 nos
1546 3159 1676 3210 fecit
1708 3161 1765 3210 in
1797 3163 2002 3227 partem
2027 3159 2178 3210 sortis
2202 3174 2350 3208 sanc—

454 3247 631 3293 torum
654 3243 712 3293 in
736 3243 957 3305 lumine,
974 3246 1185 3293 tantam
1208 3259 1273 3293 ne
1290 3243 1624 3312 negligamus
1650 3243 1893 3306 salutem,
1918 3244 2008 3294 sed
2033 3243 2345 3310 aspicientes

455 3330 513 3378 in
557 3333 822 3378 auctorem
871 3328 995 3379 fidei
1041 3331 1098 3379 et
1145 3332 1619 3378 consummatorem
1661 3327 1698 3378 J
1698 3344 1864 3389 esum,
1911 3331 2183 3379 teneamus
2233 3327 2346 3394 spei

453 3415 661 3462 nostrae
696 3411 1074 3463 confessionem
1101 3411 1547 3464 indeclinabilem.

1274 3561 1291 3584 ²
1308 3561 1367 3602 Is.
1389 3561 1448 3602 xi.
1475 3563 1538 3603 12.
