2534 4374
526 438 603 481 DE
646 437 1085 480 APPELLATIONE
1129 438 1205 480 AD
1250 438 1797 485 METROPOMTANL‘M.
1989 427 2108 486 45].

214 586 450 649 clifford,
468 585 764 653 Episcopus
792 584 1171 648 Cliftoniensis,
1189 588 1432 654 exposuit
1452 606 1543 655 per
1562 588 1766 640 litteras
1784 590 2117 658 infrascripto

213 670 482 723 Cardinali
520 670 793 721 Praefecto
819 670 988 733 datas,
1014 677 1371 738 opportunum
1411 674 1599 724 iisdem
1634 674 1806 724 visum
1842 691 1969 735 esse,
1994 692 2115 726 cum

210 757 269 807 in
312 773 488 807 annuo
532 772 625 806 suo
668 760 935 806 conventu
984 761 1104 823 post
1154 756 1487 807 Dominicam
1538 755 1606 808 in
1650 756 1808 810 Albis
1852 760 1916 809 de
1968 760 2117 810 rebus

210 840 579 892 ecclesiasticis
603 840 748 891 illius
772 840 1076 907 provinciae
1100 846 1499 908 pertractarent,
1526 843 1839 910 suppliciter
1864 861 1894 893 a
1921 844 2118 894 Sancta

187 928 344 979 -Sede
394 927 742 995 expostulare,
792 931 855 977 ut
905 926 1108 994 aliquid
1158 927 1443 993 adjiciatur
1505 927 1739 979 Decretis
1802 930 2002 996 primae
2061 936 2117 978 et

206 1018 425 1079 quartae
463 1012 664 1080 Synodi
691 1010 1268 1062 westmonasteriensis
1306 1030 1337 1061 a
1375 1012 1428 1063 S.
1457 1012 1588 1063 Sede
1623 1014 1944 1080 approbatis,
1978 1032 2111 1081 quac

208 1098 560 1165 respiciebant
592 1097 811 1148 modum
850 1096 1042 1164 agendi
1077 1096 1135 1146 in
1162 1098 1330 1147 causis
1355 1098 1599 1149 adversus
1625 1098 1839 1149 clericos
1866 1099 1930 1149 de
1967 1101 2112 1167 gravi

206 1183 427 1233 crimine
470 1186 758 1233 accusatos.
833 1182 916 1232 Ad
964 1181 1063 1232 hoc
1103 1182 1323 1244 scilicet,
1362 1191 1425 1234 ut
1474 1184 1777 1251 hujusmodi
1821 1200 2006 1234 causae
2048 1185 2116 1234 ad

206 1269 479 1319 tramitem
513 1267 653 1335 juris
690 1267 988 1318 communis
1021 1268 1256 1336 ‘pressius
1295 1269 1534 1319 redactae
1578 1269 1763 1335 majori
1805 1268 2011 1319 cautela
2048 1270 2113 1318 ad

205 1354 581 1405 removendum
622 1354 797 1421 quoad
841 1352 954 1404 fieri
998 1353 1167 1421 possit
1216 1354 1510 1421 periculum
1552 1355 1733 1404 erroris
1777 1354 1832 1403 in
1878 1372 1929 1403 re
1974 1353 2111 1402 tanti

204 1440 463 1491 momenti
525 1444 933 1508 pertractentur,
994 1445 1160 1507 utque
1221 1440 1552 1507 quaestiones
1615 1438 1919 1506 praesertim
1983 1438 2109 1487 facti

193 1525 404 1593 judicio
431 1524 484 1576 S.
514 1524 664 1576 Sedis
690 1525 989 1575 accuratius
1014 1529 1347 1592 exponantur
1372 1530 1428 1575 et
1454 1525 1715 1575 maturius
1747 1523 2115 1590 subjiciantur,

200 1616 520 1662 censuerunt
557 1627 886 1677 summopere
925 1610 1169 1677 expedire
1206 1615 1271 1660 ut
1308 1610 1485 1661 clerici
1523 1617 1641 1678 post
1688 1610 2007 1660 sententiam
2047 1610 2113 1658 ab

202 1697 464 1765 Episcopo
480 1696 546 1747 de
564 1695 784 1746 consilio
802 1692 1200 1767 Commissionis
1228 1694 1664 1764 Investigationis
1687 1696 1743 1744 in
1764 1695 1903 1761 ipsos
1928 1694 2113 1753 latam,

199 1799 306 1834 non
348 1781 659 1832 immediate
701 1780 768 1831 ad
813 1779 867 1831 S.
908 1779 1119 1842 Sedem,
1160 1784 1224 1830 ut
1258 1779 1514 1830 hactenus
1552 1780 1822 1830 decretum
1860 1785 1989 1841 erat,
2026 1780 2112 1829 sed

199 1873 360 1920 antea
407 1869 476 1919 ad
537 1866 1018 1934 Metropolitanum
1074 1865 1157 1917 vel
1212 1866 1281 1917 ad
1337 1868 1593 1917 seniorem
1642 1883 1706 1915 ex
1762 1865 2114 1933 Suffraganeis

199 1953 487 2022 appellent.
578 1952 921 2020 Rogaverunt
982 1952 1151 2021 igitur
1210 1953 1514 2020 praedictus
1576 1951 2010 2018 Archiepiscopus
2059 1956 2114 1999 et

202 2039 470 2107 Episcopi,
497 2043 560 2089 ut
598 2037 652 2089 S.
688 2037 848 2088 Sedes
886 2041 1118 2089 statuere
1156 2038 1404 2107 dignetur
1447 2040 1502 2088 in
1546 2037 1807 2105 ejusmodi
1844 2036 2013 2086 causis
2050 2053 2112 2085 ex

199 2141 343 2176 nunc
360 2124 523 2192 juxta
548 2125 885 2192 insequentes
910 2140 1120 2175 normas
1145 2125 1357 2192 procedi
1386 2125 1603 2176 debere:

313 2233 359 2280 1.
413 2230 858 2297 Quotiescumque
910 2230 1128 2281 clericus
1171 2230 1303 2281 velit
1354 2231 1770 2298 appellationem
1826 2244 2111 2296 proponere

200 2320 383 2367 contra
408 2316 730 2366 sententiam
763 2315 831 2366 ab
858 2314 1135 2366 Ordinario
1170 2333 1264 2367 suo
1301 2323 1421 2384 post
1458 2333 1678 2367 examen
1717 2313 2111 2365 Commissionis

201 2402 636 2471 Investigationis
661 2399 928 2464 emissam,
953 2401 1083 2452 haec
1108 2401 1398 2470 appellatio
1424 2401 1521 2452 fiat
1554 2402 1788 2469 primum
1813 2399 1881 2449 ad
1916 2398 2114 2449 Metro-

200 2487 521 2555 politanum,
540 2487 634 2554 qui
658 2487 728 2539 ad
753 2504 975 2538 examen
994 2488 1261 2539 revocabit
1285 2505 1583 2556 processum
1608 2487 1665 2536 in
1692 2486 1863 2553 prima
1890 2484 2113 2550 inquisi-

200 2573 347 2623 tione
371 2577 663 2640 peractum,
689 2588 1007 2641 causamque
1033 2574 1204 2624 denuo
1225 2574 1431 2625 videbit
1448 2573 1608 2641 juxta
1635 2571 1948 2622 methodum
1974 2585 2110 2636 quae

199 2658 258 2709 in
285 2656 755 2710 Commissionibus
781 2659 1221 2730 Investigationis
1247 2659 1500 2710 servanda
1524 2657 1912 2726 praescribitur.

309 2766 359 2815 2.
409 2763 493 2815 Ad
529 2765 959 2816 constituendam
1001 2763 1438 2816 Commissionem
1482 2766 1540 2815 in
1579 2780 1703 2814 casu
1741 2761 2113 2830 appellationis

199 2850 271 2900 ad
294 2848 791 2917 Metropolitanum,
807 2856 911 2901 tres
936 2850 1237 2902 Adsessores
1264 2850 1530 2920 eligentur
1555 2850 1695 2900 inter
1721 2854 1923 2915 septem
1950 2864 2114 2897 sacer-

201 2935 348 2985 dotes
373 2935 441 2985 ab
477 2934 757 3003 Episcopis
782 2936 850 2986 ad
887 2936 945 2986 id
977 2936 1328 2987 nominandos
1363 2935 1647 3002 quotannis
1685 2935 1741 2984 in
1777 2950 1955 2983 eorum
1990 2948 2113 2981 con-

202 3024 368 3068 ventu
391 3023 512 3086 post
537 3018 672 3069 festa
696 3018 982 3086 paschalia.

312 3124 362 3171 3.
413 3122 461 3171 A
485 3122 749 3173 sententia
780 3122 1186 3191 Metropolitani
1211 3122 1475 3190 appellare
1501 3137 1702 3187 semper
1737 3120 1814 3169 fas
1838 3118 1939 3168 erit
1964 3117 2030 3166 ad
2058 3116 2112 3166 S.

202 3205 394 3257 Sedem
411 3207 572 3274 juxta
597 3223 859 3258 sacrorum
883 3224 1146 3258 canonum
1171 3208 1484 3259 sanctiones

311 3316 363 3364 4.
414 3313 483 3364 In
507 3329 632 3364 casu
655 3313 814 3382 hujus
838 3315 1232 3383 appellationis,
1258 3314 1485 3365 Romam
1512 3311 1798 3362 mittentur
1823 3309 1879 3358 in
1906 3307 2115 3373 seriptis

205 3400 342 3451 Acta
364 3402 479 3450 tam
502 3398 706 3467 primae
730 3415 893 3467 quam
918 3401 1177 3452 secundae
1201 3399 1578 3468 inquisitionis.
1849 3402 1853 3405 ’

314 3507 365 3556 5.
415 3504 474 3556 Si
535 3506 708 3574 prima
756 3507 1036 3574 inquisitio
1085 3506 1144 3557 in
1192 3505 1418 3556 dioecesi
1474 3499 1886 3568 Metropolitana
1940 3496 2115 3547 locum

205 3590 467 3655 habuerit,
527 3592 739 3659 quando
805 3592 1009 3644 scilicet
1077 3592 1346 3660 presbyter
1406 3592 1683 3640 accusatus
1745 3584 1989 3635 subditus
2045 3583 2116 3631 sit

205 3675 616 3746 Archiepiscopi,
659 3678 889 3729 secunda
937 3676 1218 3746 inquisitio
1261 3675 1356 3727 fiet
1403 3692 1436 3726 a
1484 3671 1696 3725 Seniore
1739 3686 1803 3721 ex
1840 3666 2117 3736 Episcopis
