2534 4374
488 427 614 487 292
820 447 823 451 ·
1046 449 1205 491 coxo.
1252 450 1424 492 psov.
1471 449 1690 492 wms‘rM.
1737 450 1815 495 lv.

442 654 449 663 ι
482 610 616 660 quae
645 594 804 645 isthic
824 596 1016 646 diserte
1054 592 1172 646 non>
1198 601 1590 658 enumerantur,
1627 597 1696 647 ab
1726 596 1823 647 hac
1861 597 2055 648 Sancta
2096 597 2231 650 Sede
2266 615 2401 667 pro-

484 679 709 746 scriptae
732 683 789 730 et
812 680 1110 747 prohibitae
1134 685 1273 730 sunt.

629 764 830 815 Datum
881 764 1079 815 Romae
1122 765 1180 814 in
1221 762 1436 833 publica
1481 764 1718 816 Sessione
1759 768 1816 817 in
1858 767 2115 818 Vaticana
2158 766 2394 820 Basilica

485 851 787 901 solemniter
829 849 1105 911 celebrata,
1148 865 1285 900 anno
1331 849 1713 902 Incarnationis
1755 851 2062 903 Dominicae
2102 851 2399 910 millesimo

483 936 926 1005 octingentesimo
951 937 1353 1005 septuagesimo,
1377 935 1465 986 die
1490 937 1746 1003 vigesima
1769 943 1957 1005 quarta
1981 932 2209 1006 Aprili&

628 1020 979 1072 Pontificatus
1003 1020 1183 1071 Nostri
1208 1037 1346 1071 anno
1371 1021 1626 1089 vigesimo
1649 1028 1853 1089 quarto.

857 1350 1298 1399 CONSTITUTIO
1344 1350 1737 1398 DOGMATIGA
1780 1350 1999 1397 PRIMA

1009 1480 1106 1529 DE
1158 1477 1503 1531 ECCLESIA
1553 1477 1864 1542 CHRISTI,

823 1627 1062 1666 EDITA
1129 1627 1210 1666 IN
1275 1627 1650 1666 SESSIONE
1716 1627 2049 1675 QUARTA.

1131 1862 1298 1914 PIUS
1351 1861 1744 1915 EPISCOPUS

949 1994 1242 2036 SERVUS
1307 1994 1724 2036 SERVORUM
1789 1995 1919 2033 DEI

1008 2120 1182 2159 SAcRo
1218 2119 1574 2160 APPRORANTE
1608 2120 1864 2159 CONCILIO

821 2253 914 2292 AD
962 2254 1403 2293 PERPETUAM
1452 2254 1574 2292 REI
1623 2253 2048 2292 MEMORIAM.

633 2377 818 2427 Pastor
841 2381 1081 2428 aeternus
1104 2385 1158 2427 et
1185 2377 1476 2444 Episcopus
1506 2378 1802 2427 animarum
1827 2381 2138 2439 nostrarum,
2161 2381 2226 2427 ut
2248 2377 2398 2429 salu-

487 2463 704 2513 tiferum
740 2462 1117 2528 redemptionis
1149 2478 1280 2528 opus
1312 2478 1539 2529 perenne
1570 2461 1824 2524 redderet,
1849 2467 2086 2512 sanctam
2112 2461 2392 2513 aedificare
2443 2448 2494 2535 ’χ

487 2548 779 2598 Ecclesiam
803 2548 1052 2609 decrevit,
1082 2547 1138 2596 in
1170 2563 1275 2613 qua
1314 2547 1480 2597 veluti
1517 2547 1575 2596 in
1614 2547 1770 2597 domo
1806 2546 1908 2597 Dei
1944 2547 2171 2597 viventis
2205 2545 2396 2598 fideles
2473 2557 2495 2607 ij

486 2650 667 2684 omnes
715 2632 872 2682 unius
920 2631 1046 2682 fidei
1095 2637 1147 2682 et
1197 2631 1472 2683 charitatis
1515 2631 1725 2682 vinculo
1767 2633 2174 2683 continerentur.
2247 2632 2393 2693 Qua-

487 2722 714 2785 propter,
767 2718 1074 2785 priusquam
1138 2717 1525 2780 clarificaretur,
1587 2717 1793 2785 rogavit
1853 2716 2065 2767 Patrem
2128 2734 2234 2767 non
2292 2734 2396 2785 pro
2451 2715 2498 2790 -ςῆ,

487 2803 753 2870 Apostolis
786 2807 1016 2865 tantum,
1050 2803 1138 2853 sed
1171 2807 1227 2852 et
1258 2820 1351 2870 pro
1375 2803 1468 2864 eiS,
1492 2803 1585 2869 qui
1610 2802 1860 2852 credituri
1884 2807 2032 2851 erant
2055 2819 2147 2868 per
2170 2803 2387 2853 verbum

488 2905 669 2939 eorum
707 2888 764 2937 in
800 2888 994 2954 ipsum,
1032 2892 1096 2937 ut
1132 2904 1312 2938 omnes
1346 2904 1515 2937 unum
1550 2892 1740 2949 essent,
1784 2889 1920 2937 sicut
1962 2887 2076 2954 ipse
2119 2887 2288 2937 Filius
2330 2892 2388 2938 et

487 2975 648 3025 Pater
682 2991 847 3023 unum
887 2978 1028 3022 sunt.
1103 2971 1559 3032 Quemadmodum
1597 2973 1765 3040 igitur
1803 2973 2094 3040 Apostolos,
2123 2990 2252 3039 quos
2284 2972 2389 3024 sibi
2459 2966 2511 3019 ’ἒέ

488 3060 554 3110 de
577 3059 775 3108 mundo
798 3058 1042 3124 elegerat,
1067 3057 1233 3119 misit,
1259 3058 1398 3108 sicut
1421 3057 1535 3123 ipse
1559 3057 1748 3108 missus
1783 3062 1892 3108 erat
1925 3074 1958 3107 a
1991 3057 2178 3109 Patre:
2215 3058 2295 3108 ita
2325 3057 2387 3109 in
2427 3057 2438 3062 '

490 3142 724 3192 Ecclesia
767 3158 861 3192 sua
903 3141 1139 3192 Pastores
1181 3146 1237 3192 et
1277 3141 1525 3192 Doctores
1566 3158 1731 3209 usque
1772 3143 1841 3192 ad
1882 3143 2392 3193 consummationem

489 3227 683 3278 saeculi
709 3244 818 3278 esse
842 3227 1029 3278 voluit.
1105 3227 1182 3277 Ut
1206 3244 1327 3277 vero
1351 3227 1682 3293 episcopatus
1718 3227 1830 3294 ipse
1865 3243 2002 3277 unus
2038 3231 2094 3277 et
2131 3227 2396 3278 indivisus

490 3318 642 3375 esset,
683 3316 739 3362 et
786 3329 878 3378 per
926 3312 1258 3363 cohaerentes
1308 3312 1407 3362 sibi
1456 3312 1681 3362 invicem
1732 3313 2018 3363 sacerdotes
2059 3313 2385 3363 credentium
2443 3299 2502 3366 j-,j

488 3397 782 3448 multitudo
818 3399 1059 3448 universa
1095 3399 1152 3447 in
1189 3398 1314 3447 fidei
1349 3401 1405 3447 et
1443 3396 1828 3447 communionis
1869 3398 2078 3447 unitate
2119 3413 2391 3448 conserva·

487 3489 647 3546 retur,
696 3484 912 3534 beatum
962 3484 1181 3533 Petrum
1231 3483 1444 3533 caeteris
1491 3481 1756 3548 Apostolis
1803 3498 2123 3548 praeponens
2170 3483 2229 3531 in
2271 3471 2397 3548 ipso
2452 3508 2466 3548 g

487 3569 727 3619 instituit
769 3574 1079 3636 perpetuum
1124 3570 1398 3635 utriusque
1438 3568 1662 3617 unitatis
1704 3567 2026 3634 principium
2074 3583 2134 3616 ac
2182 3566 2396 3616 visibile

487 3642 912 3716 fundamentum,
946 3670 1098 3719 super
1134 3653 1216 3719 cuj
1224 3670 1285 3702 us
1321 3652 1693 3703 fortitudinem
1728 3657 1998 3702 aeternum
2041 3641 2394 3702 exstrueretur
2476 3643 2509 3691 's
