2534 4374
474 445 599 505 354
1259 460 1498 503 Annmo
1541 462 1580 502 1.

470 607 618 676 gatio
661 606 899 658 servandi
942 606 1194 656 solemnia
1234 605 1372 671 juris
1420 605 1723 656 libertatem
1771 605 1964 675 agendi
2013 610 2264 666 coerceat,
2305 605 2375 656 ad

470 692 667 743 similes
699 708 879 742 causas
903 707 1009 741 non
1033 694 1113 740 est
1136 688 1499 757 pertrahenda.
1574 689 1867 741 silentibus
1891 691 2073 758 itaque
2097 691 2196 742 hac
2220 707 2375 758 super

467 795 523 827 re
565 778 890 846 generalibus
935 776 1202 827 Ecclesiae
1244 776 1468 844 legibuS,
1507 793 1713 827 necesse
1755 781 1835 826 est
1877 780 1942 826 ut
1981 775 2207 827 Concilii
2246 775 2375 827 Pro—

469 862 708 912 vincialis
726 862 1271 912 Westmonateriensis
1290 862 1465 912 valeat
1482 861 1786 924 auctoritas,
1805 862 1957 928 cujus
1979 861 2079 912 hoc
2102 863 2375 913 decretum

469 952 577 996 est:
641 951 675 976 ‘⁶
691 947 811 997 Non
861 947 1104 997 obstante
1151 947 1364 998 rectoris
1413 946 1731 997 missionarii
1779 947 2141 1014 deputatione,
2188 946 2375 997 licebit

470 1036 501 1059 ‘⁴
519 1030 779 1098 Episcopo
804 1032 870 1082 de
895 1031 1113 1082 consilio
1141 1030 1395 1098 Capituli,
1419 1030 1561 1080 intra
1584 1030 1784 1080 limites
1817 1031 2082 1082 missionis
2114 1031 2203 1082 cui
2226 1047 2375 1099 prae-

469 1120 501 1144 “
517 1117 749 1182 ponitur,
791 1133 951 1167 novas
995 1116 1253 1166 Ecclesias
1296 1115 1516 1166 condere
1555 1132 1616 1165 ac
1659 1115 1959 1187 portionem
1997 1116 2268 1167 districtus
2307 1117 2374 1166 iis

468 1204 500 1228 ‘⁶
517 1200 820 1263 attribuere,
847 1202 891 1251 si
915 1201 1196 1252 necessitas
1221 1206 1317 1251 aut
1340 1200 1550 1251 utilitas
1581 1201 1768 1268 populi
1799 1201 1972 1252 fidelis
2003 1202 2063 1252 id
2095 1200 2373 1269 requirat.’'

469 1283 613 1343 Quae
646 1302 769 1334 cum
804 1285 915 1336 sint
943 1286 1039 1349 ita,
1064 1287 1133 1336 ad
1155 1286 1480 1353 propositam
1505 1286 1948 1338 consultationem
1972 1288 2373 1355 respondemus:

465 1369 620 1420 licere
645 1370 920 1438 Episcopis
943 1370 1218 1422 missiones
1247 1363 1498 1434 dividere,
1524 1375 1727 1422 servata
1757 1372 1924 1422 forma
1953 1373 2124 1423 sancti
2151 1370 2376 1424 Concilii

467 1455 805 1518 Tridentini,1
845 1457 1019 1523 quoad
1056 1456 1331 1507 missiones
1369 1473 1505 1523 quae
1544 1462 1669 1508 sunt
1706 1475 1824 1508 vere
1856 1458 2168 1525 proprieque
2200 1458 2376 1509 dictae

466 1542 760 1606 paroeciae;
793 1542 968 1607 quoad
991 1541 1221 1608 reliquas
1246 1558 1383 1604 ver0,
1401 1542 1469 1592 ad
1494 1542 1718 1592 formam
1743 1542 1943 1610 Synodi
1962 1543 2009 1593 I.
2029 1542 2374 1594 Provincialis

465 1624 1078 1677 westmonasteriensis?
1148 1625 1265 1686 Quo
1306 1626 1495 1677 melius
1537 1632 1721 1678 autem
1763 1628 2022 1691 missioni,
2061 1644 2198 1696 quae
2238 1628 2376 1679 divi-

465 1710 637 1760 denda
663 1712 751 1774 sit,
777 1711 821 1779 ej
830 1728 996 1778 usque
1019 1712 1348 1763 administris
1371 1713 1740 1780 prospiciatur,
1765 1713 2008 1764 volumus
2032 1730 2093 1763 ac
2117 1713 2376 1781 praecipi-

465 1812 602 1859 muS,
621 1801 684 1846 ut
702 1798 967 1847 sententia
983 1814 1193 1864 quoque
1211 1799 1425 1848 rectoris
1442 1798 1764 1865 exquiratur,
1781 1799 1922 1865 quod
1937 1798 2055 1866 jam
2078 1799 2376 1866 accepimus

465 1881 804 1932 laudabiliter
829 1899 937 1933 esse
960 1882 1020 1931 in
1044 1899 1186 1932 more
1210 1883 1478 1949 positum:
1517 1882 1659 1948 quod
1685 1883 1730 1933 si
1754 1899 1787 1932 a
1817 1883 2077 1951 religiosis
2112 1883 2375 1934 sodalibus

465 1967 646 2017 missio
689 1967 1102 2030 administretur,
1146 1967 1450 2018 Praefectus
1494 1966 1706 2018 Ordinis
1749 1968 2027 2028 audiatur3
2077 1969 2219 2020 salvo
2251 1969 2375 2036 jure

466 2053 787 2119 appellandi,
830 2054 874 2103 si
917 2071 996 2103 res
1038 2053 1290 2120 postulet,
1333 2071 1365 2103 a
1415 2054 1622 2103 decreto
1672 2053 1957 2120 episcopali
2005 2054 2074 2103 ad
2123 2053 2375 2105 Sanctam

469 2136 659 2187 Sedem
683 2136 751 2187 in
777 2136 1086 2189 devolutivo
1111 2142 1342 2188 tantum.

610 2223 831 2274 Peracta
868 2224 1150 2285 missioniS,
1183 2224 1272 2273 cui
1308 2224 1568 2290 regulares
1610 2225 1860 2291 praesint,
1894 2223 2375 2286 dismembratione,

466 2309 573 2358 alia
608 2325 987 2376 nonnunquam
1023 2310 1263 2376 quaestio
1301 2309 1597 2359 suboritur:
1633 2313 1817 2360 utrum
1848 2325 2043 2376 nempe
2079 2308 2373 2377 Episcopus

466 2395 525 2442 in
574 2393 923 2460 praeficiendo
974 2393 1193 2444 Rectore
1253 2393 1513 2455 missioni,
1561 2410 1696 2460 quae
1755 2410 1891 2444 nova
1949 2393 2187 2462 erigitur,
2235 2394 2376 2460 ipsos

467 2479 733 2547 religiosos
777 2478 976 2528 sodales
1019 2480 1205 2528 ceteris
1247 2479 1437 2528 debeat
1478 2478 2075 2545 praeferre—Quamvis
2113 2477 2198 2528 illi
2238 2478 2375 2529 hanc

469 2565 570 2614 sibi
594 2565 1015 2632 praerogativam
1040 2564 1300 2626 adserant,
1318 2563 1598 2614 obscurum
1622 2567 1803 2614 tamen
1827 2579 1934 2614 non
1956 2567 2054 2626 est,
2068 2564 2212 2614 haud
2234 2563 2375 2614 leves

467 2650 657 2699 exinde
682 2653 948 2699 secuturas
981 2647 1321 2698 difficultates
1355 2651 1411 2698 et
1443 2646 1769 2698 offensiones,
1846 2646 2092 2698 Ceterum
2125 2649 2185 2699 in
2214 2665 2276 2699 ea
2307 2649 2375 2699 de

467 2752 572 2801 qua
597 2752 764 2785 sermo
789 2739 886 2796 est,
910 2751 1045 2784 nova
1070 2734 1333 2784 erectione
1355 2749 1563 2783 necesse
1588 2736 1668 2783 est
1690 2732 2006 2782 alterutrum
2037 2733 2372 2802 contingere3

467 2820 725 2869 nimirum
749 2824 812 2869 ut
835 2819 1074 2886 paroecia
1098 2819 1205 2868 veri
1228 2817 1476 2880 nominis,
1501 2821 1598 2867 aut
1620 2833 1765 2867 mera
1789 2816 1969 2867 missio
2002 2819 2370 2869 constituatur.

471 2905 528 2955 Si
552 2905 787 2971 primum
811 2903 978 2966 fieret,
997 2921 1090 2971 per
1113 2920 1274 2971 quam
1297 2903 1532 2953 alienum
1557 2906 1692 2952 esset
1715 2901 1783 2951 ab
1807 2901 2072 2952 Ecclesiae
2093 2902 2374 2970 disciplina

469 3009 498 3041 e
522 2991 764 3059 religiosa
788 2989 994 3040 familia
1017 2990 1325 3040 arcessitum
1348 2987 1634 3055 parochum
1657 2986 1935 3053 praeferri3
1973 2987 2047 3037 sic
2081 2988 2227 3038 enim
2251 2988 2372 3055 jure

460 3076 611 3142 -quod
646 3075 802 3125 modo
826 3075 975 3142 viget
1006 3078 1247 3124 arcentur
1278 3072 1539 3139 regulares
1571 3087 1603 3120 a
1635 3070 1850 3137 parochi
1882 3087 2115 3134 munere,
2138 3076 2204 3122 ut
2233 3072 2371 3123 illud

471 3160 764 3227 suscepturi
782 3159 936 3210 venia
959 3157 1261 3226 Apostolica
1285 3157 1579 3223 indigeant.
1629 3155 1714 3206 Ad
1737 3172 1848 3205 rem
1874 3155 2194 3208 Benedictus
2217 3157 2369 3208 XIV.

470 3248 526 3295 in
563 3245 787 3296 Constit.
863 3241 1008 3295 Cum
1031 3258 1234 3310 nuper,
1259 3241 1354 3291 VI.
1383 3241 1509 3291 Idus
1533 3241 1846 3292 Novembris
1870 3253 2097 3305 MDGOLI,
2123 3246 2156 3272 ‘⁶
2173 3241 2368 3302 Quem-

469 3337 503 3362 “
521 3331 827 3393 admodum,
868 3330 1063 3395 inquit,
1106 3329 1287 3396 negari
1335 3327 1542 3394 nequit,
1589 3343 1653 3376 ex
1701 3326 1865 3376 veteri
1913 3334 2175 3376 canonum
2233 3326 2368 3395 lege,

469 3422 503 3446 ‘⁶
520 3415 800 3466 monachos
847 3419 904 3465 et
949 3414 1207 3483 regulares
1267 3412 1601 3463 ecclesiarum
1660 3411 2042 3477 parochialium
2095 3411 2368 3478 regiminis

462 3507 504 3531 ⁴⁶
522 3518 733 3568 capaces
776 3499 950 3562 fuisse,
985 3500 1063 3550 ita
1113 3503 1316 3549 certum
1364 3513 1504 3547 nunc
1555 3501 1635 3547 est
1685 3513 1748 3546 ex
1795 3496 2069 3546 recentiori
2117 3496 2366 3546 canonica

855 3628 869 3649 ¹
894 3627 994 3679 Cap.
1018 3631 1042 3666 4
1062 3639 1159 3667 sess.
1183 3628 1231 3665 21
1253 3628 1299 3665 de
1314 3624 1490 3675 Reform.

855 3693 873 3715 2
895 3696 958 3733 De
975 3695 1164 3744 reqimine
1180 3693 1515 3743 conqreqationum
1532 3703 1605 3731 seu
1623 3692 1850 3729 missionum
1865 3703 1910 3730 n.
1933 3691 1973 3730 5.
