2534 4374
968 484 1217 528 APPEND.
1266 487 1302 527 1.
1949 471 2068 534 117

166 623 341 676 Deum
360 625 538 693 ipsum
557 643 651 695 pro
675 629 879 680 ratione
897 635 1100 682 creatae
1120 636 1357 693 naturae,
1377 648 1537 699 quam
1565 631 1803 699 proxime
1829 634 2075 684 accedeus

165 707 429 771 omnibuS‚
468 725 573 775 qua
612 710 878 774 humanis,
902 728 1007 778 qua
1030 712 1285 781 angelicis
1310 714 1600 780 praeconiis
1625 714 1809 765 celsior
1837 717 2074 766 evaserit.

166 791 344 858 Atque
377 792 572 844 idcirco
608 795 677 846 ad
715 796 1025 865 originalem
1062 796 1159 847 Dei
1200 796 1488 848 Genitricis
1525 798 1900 860 innocentiam,
1918 799 2078 866 justi-

168 876 407 943 tiamque
445 877 839 941 vindicandam,
864 895 970 929 non
1010 896 1127 930 eam
1166 881 1322 931 modo
1358 898 1481 932 cum
1521 880 1634 932 Eva
1658 882 1830 932 adhuc
1859 882 2078 950 virgine,

165 958 339 1011 adhuc
375 962 675 1026 innocente,
700 963 873 1014 adhuc
913 964 1234 1032 incorrupta,
1258 971 1314 1015 et
1354 966 1590 1017 nondum
1629 966 1911 1018 mortiferis
1938 968 2076 1018 fruu-

166 1043 527 1097 dulentissimi
567 1050 823 1115 serpentis
860 1049 1067 1100 insidiis
1104 1050 1326 1118 decepta
1374 1052 1672 1119 saepissime
1722 1052 2078 1114 contulerunt,

167 1146 347 1181 verum
372 1132 538 1182 etiam
563 1132 699 1183 mira
723 1133 956 1200 quadam
996 1133 1266 1184 verborum
1304 1136 1794 1205 sententiarumque
1822 1139 2074 1188 varietate

165 1215 546 1283 praetulerunt.
623 1216 737 1267 Eva
762 1217 909 1267 enim
934 1218 1163 1285 serpenti
1183 1219 1372 1270 misere
1397 1220 1647 1272 obsecuta
1663 1227 1719 1271 et
1743 1222 1811 1272 ab
1829 1223 2074 1289 originali

168 1300 370 1352 excidit
404 1302 730 1364 innocentia,
767 1306 824 1352 et
860 1301 1007 1353 illius
1044 1302 1374 1370 mancipium
1412 1305 1599 1368 evasit,
1642 1307 1731 1356 sed
1769 1306 2082 1358 Beatissima

164 1385 328 1455 Virgo
376 1386 633 1455 originale
681 1387 884 1438 donum
937 1387 1146 1456 jugiter
1193 1402 1410 1456 augenS,
1458 1388 1591 1456 quin
1651 1393 1878 1458 serpenti
1928 1409 2076 1443 aures

165 1486 403 1539 unquam
427 1471 747 1539 praebuerit,
771 1472 916 1523 illius
954 1473 1067 1524 vim
1105 1476 1534 1542 potestatemque
1576 1475 1773 1526 virtute
1812 1476 2071 1529 divinitus

166 1560 384 1624 accepta
408 1556 650 1608 funditus
675 1556 1037 1609 labefactavit.

308 1640 640 1710 Quapropter
687 1659 963 1710 nunquam
1012 1647 1282 1694 cessarunt
1329 1643 1615 1712 Deiparam
1676 1646 1939 1714 appellare
1997 1647 2076 1698 vel

168 1726 346 1778 lilium
393 1729 533 1778 inter
582 1727 776 1796 spinaS,
820 1726 906 1779 vel
949 1732 1143 1779 terram
1186 1728 1403 1779 omnino
1443 1729 1721 1793 intactam,
1767 1732 2075 1799 virgineam,

167 1811 452 1876 illibatam,
485 1811 908 1876 immaculatam,
946 1829 1150 1881 semper
1186 1814 1539 1878 benedictam,
1580 1820 1637 1867 et
1672 1817 1740 1867 ab
1773 1818 1919 1867 omni
1959 1835 2078 1885 pec-

168 1899 277 1949 cati
301 1899 618 1967 contagione
657 1897 897 1961 liberam,
923 1915 988 1949 ex
1024 1916 1131 1966 qua
1169 1915 1336 1950 novus
1374 1900 1630 1951 formatus
1664 1906 1744 1952 est
1784 1902 1972 1963 Adam,
1999 1903 2076 1952 vel

169 1982 691 2051 irreprehensibilem,
716 1982 1125 2047 lucidissimum,
1162 1984 1702 2053 amoenissimumque
1727 1987 2076 2049 innocentiae,

167 2068 612 2131 immortalitatis,
644 2085 707 2119 ac
746 2067 1057 2119 deliciarum
1097 2068 1402 2136 paradisum
1442 2086 1474 2120 a
1511 2069 1622 2121 Deo
1660 2072 1773 2138 ipso
1811 2072 2075 2123 consitum

170 2158 227 2205 et
248 2153 317 2205 ab
340 2153 586 2205 omnibus
610 2153 862 2210 venenosiv
885 2154 1143 2221 serpentis
1183 2154 1393 2205 insidiis
1434 2155 1727 2217 defensum,
1754 2155 1837 2205 vel
1875 2155 2079 2223 lignum

169 2239 626 2310 immarcescibile,
662 2239 806 2307 quod
854 2238 1062 2306 peccati
1101 2240 1294 2291 vermis
1343 2256 1615 2308 nunquam
1659 2242 1963 2308 corruperit,
2003 2241 2080 2291 vel

169 2332 374 2382 fontem
400 2347 603 2398 semper
627 2329 874 2392 illimem,
900 2334 957 2380 et
983 2328 1216 2397 Spiritus
1244 2328 1428 2380 Sancti
1456 2330 1657 2381 virtute
1682 2330 1971 2399 signatum,
2000 2331 2079 2381 vel

170 2415 564 2467 divinissimum
589 2414 875 2483 templum,
902 2413 987 2465 vel
1011 2414 1436 2465 immortalitatis
1462 2414 1786 2477 thesaurum,
1814 2414 1894 2465 vel
1922 2432 2080 2465 unam

169 2506 226 2552 et
249 2501 432 2564 solam,
456 2518 563 2552 non
587 2501 775 2551 mortis
812 2500 902 2551 sed
945 2500 1090 2551 vitae
1128 2498 1317 2562 filiam,
1343 2516 1450 2550 non
1487 2500 1595 2551 irae
1620 2500 1710 2551 sed
1741 2501 1942 2569 gratiae
1966 2517 2081 2568 ger-

171 2603 295 2638 men
319 2586 461 2655 quod
486 2603 690 2654 semper
725 2586 899 2637 virens
935 2602 999 2637 ex
1026 2590 1270 2654 corrupta
1297 2585 1600 2652 infectaque
1625 2585 1797 2635 radice
1832 2584 2079 2653 singulari

169 2672 272 2725 Dei
308 2672 645 2741 providentia
687 2675 893 2739 praeter
933 2674 1098 2721 statas
1142 2686 1552 2737 communesque
1598 2669 1737 2738 leges
1781 2668 2082 2719 effloruerit.

172 2758 275 2811 Sed
310 2758 461 2826 quasi
493 2757 638 2820 haec,
676 2756 806 2807 licet
840 2755 1287 2823 splendidissima,
1326 2757 1454 2806 satis
1490 2772 1596 2805 non
1636 2755 1823 2816 forent,
1863 2755 2082 2822 propriis

170 2843 508 2911 definitisque
534 2842 813 2893 sententiis
832 2842 1129 2901 edixerunt,
1149 2840 1351 2891 nullam
1379 2857 1602 2908 prorsuS,
1622 2856 1744 2890 cum
1763 2839 1829 2889 de
1850 2839 2076 2906 peccatis

170 2932 367 3000 agitur,
406 2929 705 2980 habendam
743 2945 853 2979 esse
893 2928 1258 2995 quaestionem
1301 2926 1368 2977 de
1407 2925 1602 2976 Sancta
1640 2925 1857 2992 Virgine
1896 2924 2080 2983 Maria,

171 3017 260 3068 cui
283 3016 402 3084 plus
426 3014 631 3084 gratiae
656 3012 913 3064 collatum
939 3013 1046 3063 fuit
1069 3012 1137 3062 ad
1170 3011 1490 3062 vincendum
1516 3010 1660 3061 omni
1687 3027 1750 3060 ex
1777 3015 1924 3076 parte
1963 3026 2082 3076 pec-

172 3107 385 3162 catum3
436 3106 558 3151 tum
606 3099 826 3167 professi
875 3103 1018 3161 sunt,
1076 3096 1524 3149 Gloriosissimam
1587 3095 1859 3163 Virginem
1923 3093 2080 3143 fuisse

170 3190 453 3256 parentum
513 3184 901 3252 reparatricem,
950 3186 1277 3250 posterorum
1329 3179 1745 3240 vivificatricem,
1794 3195 1827 3228 a
1876 3178 2081 3228 saeculo

170 3273 414 3335 electam,
450 3270 519 3321 ab
554 3269 831 3320 Altissimo
872 3268 975 3319 sibi
1014 3271 1380 3335 praeparatam
1405 3282 1437 3315 a
1472 3264 1600 3326 Dec,
1626 3264 1836 3331 quando
1873 3263 1939 3312 ad
1979 3281 2080 3313 ser-

172 3362 391 3427 pentem
437 3356 547 3406 ait:
585 3350 939 3406 Inimicitias
970 3368 1190 3422 ponam
1225 3349 1376 3403 inter
1417 3355 1463 3401 te
1501 3355 1548 3401 et
1585 3346 1896 3411 mulierem,
1936 3366 2079 3415 prue-

172 3444 394 3506 dictam,
417 3458 553 3510 quae
589 3439 772 3508 procul
808 3438 971 3490 dubio
1007 3441 1329 3489 venenatum
1367 3435 1602 3504 ejusdem
1640 3434 1894 3501 serpentis
1920 3440 2074 3500 caput

173 3527 461 3587 contrivit3
498 3543 560 3577 ac
584 3529 858 3593 propterea
895 3523 1241 3585 affirmarunt,
1275 3521 1513 3572 eamdem
1554 3518 1922 3570 Beatissimam
1963 3518 2080 3568 Vir-

172 3613 355 3684 ginem
390 3611 550 3662 fuisse
600 3626 693 3676 per
734 3607 965 3676 gratiam
1005 3607 1072 3658 ab
1114 3606 1259 3656 omni
1299 3604 1503 3672 peccati
1545 3602 1661 3653 labe
1712 3603 1972 3671 integram
2018 3620 2078 3651 ac

171 3699 393 3750 liberam
411 3696 479 3748 ab
502 3695 650 3747 omni
675 3694 988 3762 contagione
1014 3696 1069 3742 et
1094 3690 1338 3757 corpori3‚
1355 3694 1412 3739 et
1429 3688 1655 3749 animae,
1675 3691 1730 3737 et
1751 3686 2072 3744 intellectus,

174 3800 235 3835 ac
259 3799 462 3851 semper
485 3798 610 3833 cum
635 3779 750 3830 Deo
775 3781 1133 3829 conversatam
1157 3780 1214 3825 et
1250 3773 1567 3841 sempiterno
1594 3770 1796 3823 foedere
1822 3788 1942 3821 cum
1973 3771 2075 3821 1110
