2534 4374
945 480 1190 522 APPEND.
1239 483 1275 523 1.
1927 477 2048 534 129

900 616 1129 679 PARS
1193 620 1305 680 VI.

650 800 1013 854 LITTERAE
1075 803 1565 862 APOSTOLICAE

714 968 809 1021 SS.
865 969 1179 1022 DOMINIS
1235 971 1283 1022 N
1289 970 1517 1037 OSTRI,

162 1115 386 1165 QUIBUS
422 1114 654 1161 ALIQUA
690 1114 883 1156 DUBIA
921 1115 1095 1156 CIRCA
1133 1116 1318 1158 SACRA
1355 1118 1399 1160 S.
1442 1120 1493 1163 R.
1529 1121 1579 1162 E.
1621 1122 2041 1171 CARDINALIUM

408 1189 485 1230 ET
521 1188 937 1230 EPISCOPORUM
975 1190 1299 1232 UTENSILIA
1340 1193 1790 1240 DECLARAN'I'UR.

850 1328 1020 1380 PIUS
1083 1329 1190 1380 ΡΡ.
1255 1331 1352 1381 IX.

603 1480 683 1523 AD
726 1479 1070 1523 PERPETUAM
1114 1480 1213 1521 REI
1256 1481 1592 1528 MEMORIAM.

292 1606 427 1660 Cum
452 1605 589 1657 illud
613 1605 832 1673 plurimi
867 1605 1074 1669 referat,
1099 1611 1163 1656 ut
1199 1607 1256 1657 in
1294 1608 1598 1675 apostolicis
1635 1615 2051 1669 concessionibus

147 1692 327 1745 nullus
363 1692 518 1742 detur
542 1690 869 1741 dubitationi
894 1689 1057 1753 locuS,
1083 1708 1219 1758 quae
1254 1693 1459 1745 animos
1483 1700 1722 1764 torqueat
1757 1704 1813 1750 et
1849 1708 2050 1753 contro-

149 1778 339 1830 versias
376 1776 594 1839 excitet,
619 1774 835 1836 idcircO,
861 1775 905 1825 si
931 1791 1093 1842 quam
1122 1778 1366 1829 exsistere
1402 1780 1810 1850 ambiguitatem
1849 1789 2051 1838 noveri-

147 1881 283 1927 muS,
325 1863 394 1914 ad
429 1879 548 1913 eam
585 1861 962 1913 advertendam
999 1878 1149 1912 curas
1192 1862 1408 1914 Nostras
1445 1864 1670 1917 libenter
1707 1868 2048 1922 intendimus,

147 1948 271 1999 Jam
321 1964 442 1998 vero
491 1950 698 2014 praeter
746 1946 1022 1997 indultum
1072 1948 1303 1999 testandi
1341 1949 1407 2000 de
1443 1952 1664 2018 propriis
1708 1953 1873 2016 bonuz,
1911 1958 2046 2023 quod

146 2034 261 2084 VV.
290 2033 400 2084 FF.
426 2033 549 2084 NN.
578 2032 631 2084 S.
658 2032 723 2083 R.
752 2032 816 2083 E.
844 2031 1211 2084 Cardinalibus
1249 2033 1444 2086 Sancta
1470 2036 1594 2087 haec
1633 2038 1790 2090 Sedes
1824 2042 2051 2094 tribuere

146 2120 278 2171 solet
315 2136 410 2188 per
448 2119 763 2186 apostolicas
803 2118 1034 2169 Litteras
1074 2120 1132 2169 in
1170 2119 1337 2170 forma
1378 2118 1559 2171 Brevis
1592 2123 1935 2190 incipientes:
1974 2126 2051 2177 De

146 2202 485 2272 beniynitate
523 2202 684 2255 Sedis
721 2201 1073 2272 apostolicae,
1099 2204 1289 2256 iisdem
1325 2222 1417 2272 per
1441 2206 1570 2256 alias
1601 2208 1798 2260 similes
1828 2210 2050 2262 Litteras

147 2292 206 2341 in
228 2291 397 2342 forma
416 2289 618 2353 BreviS,
637 2306 860 2357 quarum
878 2290 1133 2343 initium:
1173 2288 1318 2342 Cum
1331 2289 1432 2359 fel.
1458 2307 1559 2342 rec.
1588 2291 1845 2346 Urbanus
1878 2295 2051 2359 VIII„

147 2376 371 2427 facultas
396 2376 703 2426 conceditur
727 2375 1042 2442 disponendi
1069 2376 1133 2427 de
1168 2377 1323 2427 sacris
1348 2377 1664 2428 utensilibus
1691 2379 1862 2430 favore
1887 2382 2051 2433 alicu-

145 2462 229 2529 jus
252 2460 519 2523 ecclesiae,
539 2478 629 2511 seu
655 2460 904 2528 capellae,
924 2461 1009 2512 vel
1033 2461 1137 2512 loci
1162 2462 1257 2529 pii,
1277 2479 1382 2512 non
1408 2462 1650 2513 obstante
1675 2466 2050 2518 constitutione

151 2547 351 2599 Urbani
376 2546 551 2596 VIII:
590 2545 853 2614 Aequum
891 2550 983 2608 est,
1013 2547 1159 2597 edita
1196 2547 1283 2597 die
1322 2549 1391 2596 24
1427 2546 1564 2598 Julii
1601 2563 1738 2597 anno
1770 2549 1923 2612 1624,
1948 2569 2049 2618 qua

149 2648 291 2683 sacra
340 2629 701 2682 cardinalium
751 2631 1004 2682 utensilia
1051 2630 1328 2698 pontificio
1390 2632 1609 2682 sacrario
1667 2634 2050 2687 attribuuntur.

148 2718 343 2768 Verum
369 2734 493 2768 cum
526 2718 585 2767 in
610 2722 903 2768 memorato
939 2722 1203 2784 postremo
1230 2717 1402 2779 Brevi,
1427 2718 1590 2767 etiam
1628 2719 1838 2785 quando
1874 2722 2053 2788 agitur

149 2804 215 2855 de
241 2802 626 2866 CardinalibuS,
652 2803 1073 2871 Archiepiscopis
1100 2807 1153 2853 et
1181 2802 1474 2852 Abbatibus
1501 2819 1562 2853 ex
1589 2803 1817 2869 quodam
1846 2806 2055 2857 invecto

148 2906 248 2940 usu
285 2889 411 2940 addi
449 2889 779 2939 consueverit
816 2888 1083 2939 clausula:
1122 2887 1416 2954 “salvaque
1453 2888 1508 2936 in
1547 2888 1839 2954 praemissis
1882 2893 2049 2957 quoad

150 2970 394 3023 ecclesias
431 2970 774 3033 cathedraleS,
822 2968 1273 3037 metropolitanaS,
1310 2972 1407 3018 aut
1442 2968 1829 3035 patriarchaleS‚
1867 2973 2053 3037 quibus

150 3052 454 3122 praefueriS,
479 3069 610 3119 quas
634 3051 765 3102 alias
795 3068 859 3101 ex
884 3051 1214 3101 concessione
1239 3050 1321 3100 vel
1347 3050 1735 3116 dispensatione
1768 3053 2052 3117 apostolica

150 3140 207 3190 in
241 3138 484 3201 titulum,
518 3136 1056 3198 administrationem,
1095 3152 1187 3186 seu
1224 3134 1590 3184 commendam
1617 3134 1922 3195 obtinueris,
1949 3139 2052 3187 dis—

150 3225 413 3292 positione
446 3222 842 3274 constitutionis
884 3220 971 3272 fel.
1015 3238 1115 3272 rec.
1160 3220 1246 3269 Pii
1292 3220 1398 3269 ΡΡ.
1427 3219 1491 3281 V,
1533 3237 1670 3270 anno
1712 3222 1863 3282 1567,
1898 3225 2057 3273 tertio

153 3310 274 3360 Kal.
302 3308 470 3376 Sept„
496 3324 634 3358 anno
661 3304 933 3369 secundo‚'’
960 3322 1109 3372 saepe
1147 3305 1350 3371 saepius
1386 3304 1546 3354 dubia
1572 3310 1748 3354 exorta
1785 3308 1886 3355 sint
1917 3308 2050 3356 circa

150 3393 642 3461 interpretationem
687 3396 743 3442 et
785 3391 897 3441 vim
941 3390 1244 3458 hujusmodi
1290 3390 1666 3450 reservationis,
1711 3406 1834 3439 eove
1885 3393 2052 3457 magi,-

151 3479 291 3546 quod
329 3479 386 3528 in
422 3478 656 3545 superius
690 3479 977 3527 memorato
1019 3475 1205 3526 Brevi:
1244 3473 1321 3523 De
1351 3471 1685 3539 beniynitate
1710 3472 1868 3524 Sedis
1894 3493 2049 3543 apos-

151 3561 362 3625 tolicae,
386 3563 650 3630 praefatae
690 3561 744 3612 S.
772 3561 857 3611 Pii
883 3560 932 3608 V
957 3559 1327 3610 constitutioni
1374 3559 1427 3607 in
1455 3575 1515 3608 ea
1549 3564 1712 3625 parto,
1738 3576 1871 3625 quae
1912 3579 2048 3610 mem

153 3649 402 3700 utensilia
434 3649 668 3715 respicit,
693 3652 870 3715 aperte
904 3646 1198 3714 derogetur.
1273 3644 1331 3695 Si
1364 3661 1590 3711 namque
1620 3644 1838 3694 Romani
1873 3645 2045 3694 Pumi-

149 3733 272 3784 fices
292 3733 657 3785 cardinalibus
675 3748 881 3799 quoque
898 3729 1313 3797 Archiepiscopis
1332 3734 1387 3779 et
1404 3728 1695 3778 Abbatibus
1715 3730 2042 3795 privilegium

150 3818 463 3886 disponendi
479 3819 545 3869 de
561 3818 715 3868 sacris
731 3815 1046 3866 utensilibus
1062 3814 1336 3865 concedere
1353 3813 1539 3874 solent,
1550 3812 1681 3863 illud
1700 3813 2047 3864 frustraneum
