2534 4374
973 496 1248 539 DECRETA.
1933 477 2055 536 215

137 646 441 715 -diligenter
467 648 669 696 servata
694 644 818 696 fuit.
893 643 1069 705 Quum
1096 660 1216 694 vero
1242 642 1445 693 scholae
1471 642 1808 710 episcopales,
1827 640 2060 691 fundatis

154 749 246 801 per
273 732 540 798 Europam
566 729 1019 791 universitatibus,
1044 744 1239 798 magna
1264 745 1326 779 ex
1356 734 1505 796 parte
1529 730 1796 778 extinctae
1822 728 2060 788 fuissent,

155 816 391 867 Ecclesia
415 832 594 866 curam
622 832 826 883 semper
844 813 1109 876 adhibuit,
1125 817 1189 864 ut
1214 812 1308 863 illa
1326 814 1601 863 distinctio
1627 829 1831 881 prorsus
1855 813 2061 878 integra

155 906 476 962 servaretur3
526 901 748 967 ideoque
785 900 842 950 in
882 900 1011 967 ipsis
1048 899 1484 949 universitatibus
1521 899 1706 949 domus
1746 903 1802 948 et
1839 896 2062 965 collegia

155 988 420 1039 destinata
456 986 669 1036 fuerunt
707 986 765 1035 in
804 985 997 1053 quibus
1038 985 1260 1036 studiosi
1302 984 1476 1035 clerici
1517 984 1798 1051 sejunctim
1839 982 1906 1033 ab
1943 982 2062 1032 aliis

155 1073 410 1136 viverent,
435 1075 500 1122 ut
536 1071 634 1121 hac
671 1071 892 1133 ratione,
918 1070 1096 1138 aliqua
1139 1070 1328 1120 saltem
1373 1088 1436 1120 ex
1477 1076 1646 1138 parte,
1682 1069 2063 1136 impedirentur

154 1158 295 1210 mala
320 1175 455 1226 quae
481 1174 544 1208 ex
570 1156 841 1206 mundana
866 1156 1257 1206 conversatione
1284 1155 1460 1207 levitis
1486 1155 1828 1205 timebantur.

299 1241 679 1312 Ingruentibus
705 1245 886 1291 autem
911 1239 1083 1303 maliS‚
1102 1256 1238 1307 quae
1263 1241 1320 1291 in
1346 1240 1780 1291 universitatibus
1805 1256 1868 1289 ex
1892 1238 2063 1290 alum-

154 1345 342 1379 norum
361 1326 716 1378 multitudine
731 1330 787 1375 et
805 1325 976 1375 nimia
1002 1324 1220 1375 licentia
1244 1324 1421 1375 clerici
1448 1325 1670 1376 studiosi
1694 1325 1895 1392 experti
1922 1330 2062 1387 sunt,

155 1431 188 1465 a
212 1413 431 1464 diversis
456 1413 660 1463 diversa
683 1411 917 1462 remedia
943 1412 1246 1480 excogitata
1270 1411 1430 1462 fuere.

300 1512 351 1559 4.
402 1507 640 1558 Tandem
681 1504 974 1558 Cardinalis
1016 1510 1192 1556 noster
1235 1506 1415 1569 Polus,
1455 1505 1891 1574 Archiepiscopus
1930 1504 2064 1557 Can-

158 1594 454 1658 tuariensiS,
480 1593 919 1645 constitutionem
959 1591 1132 1642 edidit
1170 1608 1264 1658 pro
1306 1591 1675 1642 reformatione
1699 1591 1961 1660 Angliae‚¹
2007 1592 2063 1641 in

158 1697 262 1748 qua
304 1680 617 1730 hodiernum
659 1676 1074 1729 Seminariorum
1119 1681 1347 1744 systema
1389 1677 1667 1744 exposuit3
1716 1676 1858 1744 quod
1896 1677 2065 1728 tribus

157 1769 277 1833 post
301 1765 454 1816 annis
479 1765 538 1814 in
564 1762 801 1815 Concilio
826 1762 1137 1813 Tridentino
1163 1779 1287 1812 cum
1313 1762 1523 1812 eximiis
1557 1762 1848 1830 praeconiis
1871 1763 2066 1813 admis-

159 1868 276 1902 sum
316 1850 436 1902 fuit.
526 1848 859 1900 Vocabulum
902 1851 1086 1899 autem
1125 1844 1538 1909 Seminarium,
1577 1865 1682 1915 quo
1725 1848 2068 1918 designantur

158 1936 313 1987 hodie
337 1953 430 2003 per
454 1939 632 1986 totum
656 1935 836 1986 orbem
863 1932 1199 1985 Catholicum
1225 1934 1431 1984 scholae
1469 1933 1790 2001 episcopales
1831 1934 1900 1985 ad
1942 1934 2066 1984 cleri

158 2022 562 2072 instructionem
588 2020 931 2083 instauratae,
955 2018 1205 2070 laudatus
1231 2017 1525 2069 Cardinalis
1567 2019 1626 2070 in
1664 2019 1833 2070 citata
1874 2020 2068 2071 consti-

159 2107 369 2158 tutione
392 2123 486 2174 pro
510 2105 707 2174 Anglia
732 2105 975 2155 omnium
999 2105 1202 2172 primus
1227 2104 1493 2155 adhibuit.

303 2192 371 2243 In
419 2191 731 2242 Tridentino
781 2190 987 2241 decreto
1047 2207 1154 2241 non
1216 2188 1388 2241 solum
1447 2189 1829 2256 praescriptum
1877 2195 1959 2241 est
2006 2194 2070 2240 ut

161 2276 432 2347 erigantur
482 2275 777 2328 Seminaria
820 2275 1143 2339 dioecesana,
1183 2275 1274 2327 sed
1317 2275 1376 2326 in
1417 2292 1478 2326 eo
1522 2275 1686 2325 etiam
1730 2279 1949 2327 caut-um
1989 2283 2064 2327 est

160 2367 225 2413 ut
262 2365 321 2413 in
360 2362 552 2413 iisdem
591 2360 901 2413 Seminariis
940 2361 1025 2411 illi
1062 2361 1160 2413 soli
1196 2361 1520 2429 recipiantur
1556 2378 1780 2428 quorum
1813 2362 2068 2413 “indoles

162 2453 218 2499 et
241 2447 486 2499 voluntas
523 2464 671 2515 spem
708 2445 896 2498 afferat
931 2463 1018 2498 eos
1057 2446 1426 2498 ecclesiasticis
1467 2447 1776 2498 ministeriis
1814 2452 2068 2516 perpetuo

161 2531 571 2585 inservituros-”²

307 2631 357 2680 5.
408 2628 568 2679 Porro
616 2632 736 2696 post
786 2626 1085 2679 Concilium
1135 2629 1526 2693 Tridentinum‚
1576 2629 1890 2697 synodorum
1951 2646 2069 2697 pro-

163 2714 475 2765 vincialium
523 2718 661 2777 acta,
709 2730 913 2765 necnon
962 2731 1291 2766 summorum
1339 2714 1664 2766 Pontificum
1717 2714 1957 2782 exempla
2014 2720 2068 2765 et

163 2799 370 2850 litterae
395 2799 691 2868 encyclicae
714 2800 897 2867 quovis
922 2800 1127 2851 saeculo
1152 2801 1326 2864 datae,
1350 2804 1511 2868 atque
1544 2800 1916 2868 stipulationes
1947 2817 2070 2852 con-

163 2890 496 2952 cordatuum,
534 2905 663 2957 quos
707 2888 902 2941 Sancta
945 2888 1103 2941 Sedes
1141 2891 1518 2942 recentioribus
1560 2891 1704 2942 hisce
1746 2891 2070 2958 temporibus

163 2992 286 3026 cum
328 2974 545 3025 diversis
592 2974 898 3026 nationibus
947 2975 1125 3039 inivit,
1168 2981 1349 3043 aperte
1397 2977 1666 3028 declarant
1716 2974 2070 3028 Seminarium

164 3060 528 3111 dioecesanum
560 3060 720 3128 juxta
753 3060 1019 3113 Ecclesiae
1055 3065 1291 3112 mentem
1315 3063 1383 3113 ab
1408 3062 1671 3130 Episcopo
1695 3062 1850 3112 unice
1876 3062 2070 3129 depen-

165 3147 302 3209 dere,
326 3150 383 3197 et
406 3147 474 3198 ad
498 3147 867 3217 integritatem
893 3147 1182 3199 dioeceseos
1206 3149 1310 3198 rite
1335 3149 1659 3198 constitutae
1682 3148 1959 3214 pertinere.

308 3232 460 3293 Quod
485 3233 529 3284 si
553 3234 611 3283 in
625 3234 783 3285 variis
808 3233 935 3285 locis
952 3233 1192 3302 juniores
1215 3234 1386 3301 pueri,
1400 3238 1515 3284 tam
1540 3233 1717 3283 clerici
1742 3250 1901 3300 quam
1927 3233 2069 3295 laici,

165 3318 324 3369 simul
365 3319 712 3381 instruantur,
735 3318 896 3386 idque
938 3322 1151 3386 propter
1175 3322 1295 3368 tum
1321 3322 1623 3385 temporum
1649 3322 1767 3367 tum
1792 3318 2068 3385 regionum

164 3403 415 3471 adjuncta
463 3403 752 3454 admissum
801 3403 982 3466 fuerit,
1031 3403 1269 3454 Ecclesia
1322 3408 1502 3455 tamen
1559 3421 1740 3473 urgere
1797 3421 2068 3471 nunquam

164 3490 378 3542 destitit
400 3493 465 3541 ut
488 3490 556 3541 ad
583 3488 803 3541 Ordines
846 3488 1027 3541 Sacros
1070 3490 1377 3557 aspiranteS,
1411 3491 1501 3557 qui
1536 3490 1653 3557 jam
1692 3491 2068 3557 provectiorem

626 3637 641 3663 1
659 3635 888 3677 Decretum
906 3636 966 3676 xi.
990 3636 1074 3677 Pro
1094 3635 1409 3677 Reformatione
1428 3636 1624 3688 Angliae.

577 3703 596 3730 ²
617 3703 725 3743 Cone.
754 3704 872 3743 Tria.
897 3702 1005 3744 Sese.
1029 3702 1151 3743 xxiii.
1174 3703 1241 3743 De
1259 3702 1447 3743 Reform.
1469 3715 1559 3745 can.
1586 3704 1647 3743 18.
