2534 4374
440 470 567 531 414
1048 487 1403 531 AnnmoNEs
1445 489 1572 545 vn„
1616 487 1743 528 v111.

434 654 468 688 a
491 636 678 705 majori
704 639 761 687 et
786 634 980 686 saniori
1007 621 1386 702 parte'populi,
1411 636 1468 684 et
1495 649 1564 683 an
1588 633 1693 702 ipsi
1733 634 1800 685 de
1836 634 2020 686 eadem
2044 635 2187 686 fama
2209 635 2349 688 re'cte

436 723 704 782 sentiant3
753 737 851 772 nec
891 720 964 771 sit
1008 719 1236 770 dubium
1276 718 1427 769 illam
1470 718 1631 770 fuisse
1673 719 1995 771 concitatam
2034 721 2102 772 ab
2140 720 2267 784 illis,
2289 722 2350 774 in

435 824 659 876 quorum
685 806 1025 857 commodum
1049 804 1354 873 inquiritur.

582 894 631 943 9.
681 891 937 955 Tandem,
980 891 1026 941 si
1063 900 1197 958 opus
1235 889 1415 954 fuerit,
1456 889 1836 957 praetereunda
1858 906 1966 941 non
2008 891 2111 943 erit
2132 891 2351 948 investi-

430 978 581 1046 gatio
604 993 697 1044 per
720 975 962 1044 publicas
1004 974 1383 1043 ephemerides,
1425 975 1567 1026 datis
1608 973 1870 1026 Directori
1909 976 2153 1029 omnibus
2175 994 2351 1030 neces-
2394 962 2396 964 V

435 1061 582 1113 sariis
605 1077 853 1128 personae
877 1054 1111 1124 indiciis,
1135 1062 1241 1111 nisi
1284 1061 1352 1112 ob
1395 1061 1647 1129 speciales
1689 1062 2116 1115 circumstantias
2140 1064 2350 1128 saniori,

434 1163 496 1197 ac
518 1147 847 1214 prudentiori
873 1145 1092 1197 consilio
1116 1146 1274 1197 aliter
1297 1150 1587 1198 censeatur.

582 1233 667 1283 10.
717 1231 866 1283 Haec
914 1233 1096 1283 omnia
1142 1248 1238 1300 pro
1298 1232 1704 1300 opportunitate
1751 1249 1969 1284 casuum
2019 1232 2176 1285 Sacra
2223 1235 2352 1286 haec

436 1316 788 1387 congregatio
807 1317 1095 1387 diligenter
1113 1318 1409 1385 expendere
1435 1317 1592 1379 solet3
1630 1327 1858 1385 cumque
1883 1319 1949 1370 de
1966 1337 2020 1370 re
2037 1321 2349 1387 gravissima

360 1439 363 1444 ‹
433 1410 640 1473 agatur,
659 1405 867 1455 cunctis
885 1421 1054 1472 aequa
1072 1399 1220 1455 lance
1238 1404 1463 1468 libratis,
1484 1408 1647 1472 atque
1665 1405 1880 1473 insuper
1896 1406 2096 1456 auditis
2112 1406 2348 1474 plurium

435 1489 839 1560 Theologorum,
887 1495 945 1541 et
992 1489 1028 1541 J
1028 1490 1137 1541 uris
1190 1490 1517 1559 prudentum
1572 1490 1855 1560 suffragiiS,
1903 1491 2137 1559 denique
2193 1508 2348 1543 suum

425 1575 698 1643 judicium
721 1575 1058 1644 pronunciat,
1081 1592 1150 1626 an
1174 1575 1239 1627 de
1263 1575 1363 1626 tali
1387 1575 1538 1626 obitu
1557 1575 1687 1627 satis
1705 1579 1928 1641 constet,
1944 1580 2000 1627 et
2017 1577 2157 1627 nihil
2175 1577 2349 1629 obstet

434 1661 716 1731 quominus
741 1661 949 1730 petenti
973 1661 1230 1712 transitus
1254 1661 1323 1712 ad
1347 1661 1478 1712 alias
1502 1662 1719 1729 nuptias
1744 1662 1961 1713 concedi
1983 1663 2168 1730 possit.

586 1749 668 1797 11.
719 1747 801 1798 Ex
825 1747 908 1798 his
927 1747 1174 1798 omnibus
1192 1746 1552 1797 Ecclesiastici
1571 1746 1842 1798 Praesides
1861 1750 2059 1798 certam
2077 1748 2347 1800 desumere

434 1837 658 1902 possunt
681 1849 922 1883 normam
946 1849 1109 1901 quam
1132 1833 1188 1882 in
1222 1831 1528 1906 hujusmodi
1558 1831 1781 1900 judiciis
1821 1836 2121 1900 sequantur.
2195 1832 2347 1894 Quod

436 1919 483 1970 si
506 1936 612 1970 non
637 1919 970 1970 obstantibus
993 1918 1189 1988 regulis
1213 1917 1485 1986 hucusque
1521 1919 1721 1969 notatis
1744 1935 1824 1968 res
1850 1918 2023 1968 adhuc
2047 1919 2267 1983 incerta,
2289 1923 2347 1971 et

435 2005 669 2073 implexa
705 2004 814 2056 illis
849 2005 1109 2068 videatur,
1133 2005 1202 2055 ad
1242 2003 1495 2055 Sanctam
1534 2002 1725 2054 Sedem
1763 2020 2022 2055 recurrere
2059 2003 2346 2068 debebunt,

436 2091 570 2141 actis
595 2090 839 2142 omnibus
864 2107 987 2142 cum
1011 2091 1126 2158 ipso
1144 2107 1356 2141 recursu
1374 2090 1710 2171 transmissis,
1730 2094 1831 2168 aut¹
1851 2089 2041 2141 saltem
2061 2089 2346 2160 diligenter

435 2177 726 2245 expositis--

1292 2545 1482 2609 VIII.

698 2708 781 2759 IN
784 2705 1134 2760 STRUCTIO
1179 2705 1417 2758 SUPER
1454 2704 2086 2766 QUASI-DOMICILIO

455 2822 460 2829 '
517 2832 631 2873 PRo
676 2831 980 2873 Errsooms
1024 2830 1295 2871 ANGLIAE
1338 2830 1418 2871 ET
1462 2829 1749 2872 STATUUM
1792 2830 2279 2877 FOEDER-ATORUM

730 2914 1043 2957 AMERIOAE
1088 2897 1311 2956 FER'LAE
1348 2914 1429 2956 1v.
1474 2914 1608 2955 DIEI
1647 2915 1686 2960 ⁷.
1728 2915 1912 2966 Jmm,
1946 2917 2065 2960 1867.

587 3027 672 3078 Ad
697 3025 1131 3077 constituendum
1169 3015 1678 3092 quasi-domicilium
1721 3026 1862 3094 quod
1894 3026 1954 3077 in
1977 3027 2120 3080 hisce
2142 3031 2347 3084 casibus

434 3113 730 3166 necessario
755 3111 1159 3178 adipiscendum
1203 3113 1301 3171 est,
1325 3110 1431 3159 duo
1471 3110 1629 3160 simul
1666 3112 2033 3178 requiruntur:
2084 3113 2347 3166 habitatio

448 3216 638 3267 nempe
663 3198 723 3248 in
748 3214 809 3248 eo
834 3197 948 3246 loco
990 3196 1084 3246 ubi
1122 3194 1527 3245 matrimonium
1567 3195 1907 3259 contrahitur,
1950 3201 2112 3266 atque
2142 3200 2349 3253 animus

440 3285 652 3336 >ibidem
694 3281 1040 3351 permanendi
1078 3297 1171 3348 per
1212 3279 1316 3347 maj
1324 3295 1467 3329 orem
1509 3279 1637 3328 anni
1678 3283 1913 3346 partem:
1963 3288 2281 3352 quapropter
2302 3287 2347 3338 si

449 3369 693 3439 legitime
718 3371 926 3419 constet
948 3365 1034 3417 vel
1075 3365 1257 3416 ambos
1298 3365 1384 3415 vel
1421 3364 1738 3415 alterutrum
1779 3382 1843 3416 ex
1884 3368 2084 3434 sponsis
2107 3369 2349 3421 animum

445 3454 634 3506 habere
659 3450 1004 3520 permanendi
1028 3467 1121 3518 per
1143 3449 1397 3517 majorem
1422 3450 1548 3499 anni
1572 3452 1796 3516 partem,
1821 3467 1883 3500 ex
1921 3467 1981 3501 eo
2004 3452 2236 3518 primum
2260 3454 2348 3505 die

440 3557 545 3608 quo
570 3540 674 3590 duo
698 3537 827 3589 haec
854 3536 1014 3588 simul
1054 3530 1389 3598 concurrunt,
1431 3533 1688 3584 nimirum
1711 3538 1768 3583 et
1808 3533 2113 3602 hujusmodi
2137 3537 2356 3589 animus

432 3630 494 3676 et
509 3623 731 3675 actualis
749 3623 1030 3684 habitatio,
1037 3621 1388 3688 judicandum
1404 3623 1485 3670 est
1498 3635 1565 3687 qu
1572 3618 2005 3670 asi-domicilium
2020 3622 2341 3688 acquisitum

434 3710 614 3772 fuisse,
641 3713 696 3758 et
721 3708 1122 3758 matrimonium
1161 3706 1302 3772 quod
1344 3704 1560 3772 proinde
1585 3703 1923 3754 contrahatur
1948 3721 2057 3756 esse
2081 3705 2334 3758 validum.
