2534 4374
987 474 1260 519 DECRETA.
1929 473 1976 527 1«
1994 473 2046 527 »3

158 627 275 662 vero
298 611 531 678 spatium
555 611 782 665 liberum
806 630 911 666 non
938 616 1210 669 minuatur
1235 637 1405 688 neque
1430 630 1738 687 coarctetur,
1767 627 1842 677 Eo
1870 628 2047 680 incon-

156 696 309 748 sulto,
384 694 654 763 Quidquid
699 715 818 750 vero
860 703 1113 767 pecuniae
1158 720 1250 771 per
1292 707 1395 756 ista
1437 710 1613 759 media
1637 711 1704 760 ad
1749 713 2049 764 missionem

153 780 391 842 confluit,
438 797 543 832 non
591 783 660 833 ad
708 784 884 851 ipsum
940 788 1278 851 sacerdotem,
1330 792 1417 842 sed
1466 794 1533 843 ad
1596 800 1734 845 totas
1785 798 2048 847 missionis

154 866 487 918 necessitates
511 868 772 933 pertinere
814 876 1103 937 reputetur.
1179 873 1449 943 Quidquid
1493 878 1660 946 igitur
1685 881 2046 947 supellectilis,

154 969 326 1004 sacrae
350 952 433 1003 vel
458 952 790 1017 domesticae,
816 971 879 1005 ex
917 956 998 1006 his
1041 957 1334 1010 redditibus
1358 962 1665 1028 acquisierit
1690 966 1939 1027 sacerdos,
1968 968 2045 1017 vel

153 1037 414 1107 quidquid
455 1038 514 1088 in
556 1042 694 1088 sarta
737 1043 881 1090 tecta
922 1042 1133 1092 aedium
1178 1060 1437 1095 sacrarum
1479 1046 1562 1097 vel
1598 1049 1956 1101 aedificiorum
1983 1053 2048 1101 ml

152 1127 427 1179 ecclesiam
451 1128 923 1197 quomodocunque
948 1134 1306 1198 spectantium
1334 1138 1682 1188 conservanda
1704 1139 2017 1206 impenderit
2038 1158 2051 1198 ;

160 1230 266 1265 non
310 1213 428 1276 sibi,
477 1213 566 1264 sed
602 1214 840 1265 missioni
884 1216 1142 1282 providet,
1185 1235 1247 1268 ex
1294 1219 1445 1270 bonis
1483 1222 1550 1272 ad
1594 1239 1709 1273 eam
1744 1225 2059 1291 pertinenti-

165 1298 275 1350 bus.

296 1382 427 1434 XII.
480 1381 613 1434 Cum
638 1383 808 1452 igitur
827 1385 1061 1437 sacerdos
1078 1386 1271 1454 aliquis
1290 1389 1358 1439 ad
1384 1406 1533 1440 suam
1554 1392 1722 1457 primo
1748 1393 2051 1445 missionem
2074 1388 2081 1394 ”

153 1468 378 1531 accedit,
427 1469 655 1535 accipiat
703 1485 735 1519 a
782 1469 978 1520 vicario
1029 1471 1253 1535 foraneo,
1304 1473 1386 1524 vel
1436 1474 1504 1525 ab
1552 1475 1657 1525 alio
1697 1476 1951 1542 deputato
1988 1481 2055 1531 ab

154 1554 430 1622 Episcopo,
473 1554 831 1605 inventarium
880 1556 1120 1607 omnium
1169 1558 1237 1608 ad
1286 1558 1590 1609 missionem
1640 1562 2041 1627 pertinentium.

153 1640 401 1712 Tenetur·
426 1643 614 1689 autem
652 1639 1039 1706 supellectilem
1082 1645 1138 1692 et
1180 1642 1421 1693 aedificia
1464 1644 1671 1712 integra
1702 1662 1917 1707 servare,
1945 1648 2053 1697 imo

77 1773 79 1775 ,
152 1726 330 1793 potius
355 1724 645 1786 meliorare,
668 1729 734 1774 ut
759 1725 948 1776 saltem
992 1728 1270 1777 successori
1315 1732 1529 1778 tantum
1569 1729 1745 1779 tradat
1787 1739 2048 1796 quantum

153 1811 264 1878 ipse
288 1809 510 1876 accepit.
585 1808 736 1869 Quod
762 1810 824 1872 si,
850 1810 933 1861 vel
958 1811 1026 1861 ad
1049 1810 1328 1862 reficienda
1371 1829 1504 1880 quae
1530 1817 1795 1864 vetustate
1820 1815 2049 1865 obsoleta

153 1899 210 1946 et
235 1894 472 1962 squalida
497 1899 789 1959 evaserunt,
806 1896 888 1946 vel
913 1897 980 1946 ad
1005 1896 1257 1964 majorem
1282 1896 1515 1948 locorum
1541 1898 1777 1949 decorem
1804 1916 1937 1949 nova
1963 1918 2051 1950 seu

154 1981 451 2032 venustiora
475 1980 780 2048 providerit,
806 1981 1247 2050 distinguendum
1291 1988 1389 2046 est,
1414 2000 1643 2051 quonam
1682 2002 1745 2036 ex
1772 1986 1915 2036 fonte
1955 1987 2058 2037 ista

163 2065 514 2134 provenerint.

300 2152 347 2201 1.
397 2150 539 2202 Nam
564 2151 610 2202 si
636 2168 698 2202 ex
723 2153 932 2220 proprio
958 2153 1184 2221 peculi0,
1211 2154 1320 2205 sive
1346 2171 1408 2204 ex
1434 2155 1776 2206 familiarium
1804 2156 1904 2206 sibi
1925 2156 2056 2206 bene

154 2235 464 2287 affectorum
489 2236 657 2300 donis,
684 2238 794 2288 sive
819 2238 1037 2289 tandem
1061 2256 1125 2290 ex
1149 2256 1211 2290 ea
1235 2246 1384 2307 parte
1410 2246 1763 2308 proventuum
1788 2240 2055 2291 Ecclesiae

155 2339 290 2390 quae
315 2322 414 2374 sibi
439 2323 700 2390 competit
724 2340 818 2391 pro
843 2340 935 2375 sua
971 2324 1191 2376 honesta
1228 2327 1627 2389 sustentatione,
1657 2326 1888 2377 sacerdos
1926 2325 2054 2376 haec

159 2408 259 2458 sibi
297 2408 696 2476 comparaverit,
739 2408 980 2460 habenda
1023 2415 1178 2461 erunt
1218 2416 1281 2460 ut
1329 2411 1553 2478 propria,
1604 2410 1806 2461 ratione
1856 2428 2058 2478 semper

159 2493 344 2544 habita
367 2493 708 2562 obligationis
733 2495 1072 2547 conservandi
1097 2496 1155 2546 in
1179 2496 1315 2548 bono
1341 2501 1486 2547 statu
1522 2513 1583 2546 ea
1608 2513 1740 2564 quae
1765 2498 1987 2563 accepit.

303 2587 355 2637 2.
405 2584 465 2636 Si
490 2602 610 2637 vero
634 2586 930 2655 generatim
954 2587 1294 2654 proventibus
1337 2587 1622 2650 Ecclesiae,
1649 2587 1730 2638 vel
1775 2588 1923 2637 donis
1950 2589 2058 2636 sive

157 2671 394 2723 collectis
454 2671 893 2740 congregationiS,
954 2672 1038 2722 vel
1099 2672 1316 2723 tandem
1377 2689 1491 2723 aere
1551 2673 1618 2723 ab
1669 2672 1927 2739 Episcopo
1978 2672 2059 2721 vel

160 2756 673 2809 administratoribus
691 2773 863 2808 rerum
882 2758 1255 2825 temporalium
1274 2757 1579 2808 Dioeceseos
1599 2775 1852 2819 concesso,
1865 2758 2060 2808 fuerint

162 2848 291 2898 haec
322 2844 640 2914 conquisita,
683 2845 899 2896 omnino
942 2845 1181 2896 missioni
1217 2845 1430 2896 addicta
1466 2845 1687 2896 dicenda
1712 2851 1852 2907 sunt,
1889 2860 2059 2910 neque

163 2932 274 2983 ullo
297 2935 453 2999 pacto
489 2930 620 2981 licet
644 2931 901 2982 sacerdoti
925 2948 987 2982 ea
1012 2930 1113 2982 sibi
1145 2931 1423 2981 vindicare.

307 3016 470 3067 XIII.
522 3014 886 3067 Communiter
946 3017 1112 3067 etiam
1173 3016 1507 3078 censendum,
1568 3015 1670 3066 nisi
1737 3016 2056 3066 contrarium

164 3107 364 3172 pateat,
379 3102 541 3171 juxta
581 3101 820 3170 regulam
864 3102 921 3152 in
955 3101 1078 3168 jure
1118 3103 1388 3164 traditam,
1415 3118 1493 3163 ea,
1535 3118 1669 3168 quea
1695 3101 2059 3151 ecclesiasticis

164 3188 348 3240 usibus
386 3191 513 3255 apta
552 3186 814 3237 donantur
863 3187 974 3237 viro
1018 3187 1363 3249 missionariO,
1407 3204 1513 3236 esse
1562 3186 1796 3236 missioni
1847 3186 2057 3235 donata.

169 3273 248 3323 Ea
283 3289 403 3324 vero
451 3289 585 3340 quae
627 3271 952 3339 personalem
991 3270 1189 3323 habent
1231 3288 1403 3334 usum,
1428 3272 1529 3338 ipsi
1574 3271 1698 3321 data
1738 3277 2063 3336 reputantur,

166 3358 330 3410 sicuti
354 3357 520 3408 etiam
543 3373 622 3408 res
648 3373 837 3419 sacrae,
864 3358 906 3407 si
931 3373 1163 3425 expresse
1184 3356 1351 3406 veluti
1376 3356 1515 3424 grati
1541 3356 1707 3405 animi
1735 3353 1815 3404 vel
1840 3352 2061 3403 affectus

168 3444 363 3513 pignus
387 3459 419 3493 a
443 3442 849 3511 congregatione
875 3442 1130 3492 sacerdoti
1156 3441 1324 3491 cuivis
1349 3441 1627 3491 donantur.

310 3529 461 3579 XIV.
513 3527 804 3580 Honoraria
852 3527 1134 3577 Missarum
1184 3525 1252 3576 ad
1300 3525 1579 3575 sacerdotis
1635 3523 1900 3591 peculium
1952 3538 2065 3589 per-

167 3615 362 3665 tinent.
437 3612 697 3665 Similiter
739 3612 832 3664 ubi
877 3612 1026 3679 viget
1068 3627 1209 3672 usuS,
1234 3610 1485 3676 antiquus
1510 3608 1726 3677 quidem
1771 3609 1825 3656 in
1853 3606 2064 3675 Anglia,

169 3698 495 3766 temporibus
520 3697 839 3748 solemnibus
867 3695 1098 3746 Paschae
1138 3699 1195 3745 et
1236 3693 1287 3744 N
1290 3694 1553 3743 ativitatis
1580 3692 1815 3752 Domini,
1841 3690 2064 3758 singulis

165 3782 522 3834 sacerdotibus
545 3780 857 3831 munuscula
883 3779 1062 3841 dandi,
1088 3778 1215 3828 haec
1255 3778 1322 3828 ad
1365 3778 1504 3844 ipsos
1528 3776 1594 3827 de
1625 3775 1743 3843 jure
1778 3775 2061 3841 pertinent.
