2534 4374
459 413 584 474 226
1021 432 1184 475 cono.
1233 432 1401 475 PRov.
1446 432 1667 476 wner.
1715 434 1791 475 1v.

452 599 659 649 prorsus
683 582 1067 634 sustentatione
1092 582 1344 651 sacrilega
1366 599 1530 633 manu
1554 584 1769 650 privati,
1792 584 1955 635 titulo
1978 580 2271 637 missionis
2295 581 2364 633 ad

451 667 658 718 ordines
683 685 850 718 sacros
876 667 1068 718 elevari
1093 672 1324 734 possent,
1343 667 1427 735 adj
1436 671 1553 719 ecto
1579 668 1893 720 stabilitatis
1910 669 2220 737 juramento
2247 685 2366 720 vere

452 753 757 820 apostolico,
800 754 858 803 in
907 753 1105 803 bonum
1155 751 1478 803 Universalis
1528 753 1815 817 Ecclesiae,
1857 752 2026 824 (quod
2068 754 2371 805 Alexander

453 837 579 888 VII.
610 838 669 887 in
701 838 847 888 brevi
889 835 1033 889 Cum
1072 834 1221 888 circa
1249 835 1571 905 juramenti
1610 836 1923 903 vinculum,
1964 839 2073 890 diei
2114 842 2184 889 20
2223 839 2259 890 J
2260 838 2365 889 ulii

457 922 612 984 1660,
627 922 937 990 opportunis
956 922 1400 974 declarationibus
1417 924 1743 994 explicavit,)
1762 928 1827 975 ut
1844 925 1913 976 ad
1931 942 2051 976 oves
2069 924 2365 994 Anglorum

450 1008 626 1074 gentis
675 1008 906 1075 perditas
955 1009 1298 1076 exquirendas
1348 1013 1404 1060 et
1452 1009 1726 1061 salvandas
1774 1010 1833 1061 in
1881 1014 2144 1078 quantum
2187 1011 2245 1061 in
2289 1010 2366 1060 eis

452 1099 532 1142 est
557 1111 667 1144 sese
692 1094 749 1144 in
774 1097 1092 1161 perpetuum
1116 1094 1521 1164 obstringerent.
1586 1096 1667 1145 Ex
1693 1097 1987 1148 arctissimo
2013 1096 2110 1148 illo
2135 1095 2372 1159 vincu10,

452 1179 813 1230 crudelissima
837 1181 1200 1247 persecutione
1224 1197 1317 1248 per
1342 1186 1426 1232 tot
1451 1198 1615 1232 annos
1651 1183 1932 1245 saeviente,
1969 1186 2084 1233 orta
2124 1186 2180 1233 et
2217 1181 2369 1233 robo-

451 1270 566 1315 rata
604 1270 684 1316 est
720 1266 856 1316 mira
891 1266 988 1317 illa
1022 1284 1186 1334 usque
1225 1268 1293 1319 ad
1329 1268 1645 1336 martyrium
1681 1269 1981 1319 constantia
2003 1275 2060 1320 et
2083 1268 2370 1336 patientia,

452 1368 585 1418 quae
635 1352 762 1402 cleri
810 1354 977 1403 nostri
1026 1370 1214 1404 corona
1263 1358 1344 1404 est
1393 1358 1450 1405 et
1497 1354 1681 1424 gloria.
1771 1354 2122 1415 Quamobrem
2173 1353 2368 1405 Sancta

453 1436 628 1501 SedeS‚
653 1455 789 1505 quae
812 1438 1039 1507 Angliae
1066 1439 1344 1508 Episcopis
1369 1440 1683 1491 facultatem
1720 1440 1986 1508 impertiri
2022 1439 2196 1491 adhuc
2234 1438 2369 1490 solet

452 1522 732 1574 ordinandi
773 1541 890 1575 suos
931 1525 1170 1576 subditos
1209 1530 1500 1577 memorato
1538 1526 1720 1590 titulo,
1746 1531 1949 1578 nostros
1974 1525 2218 1578 hortatur
2241 1526 2372 1574 mis-

453 1609 720 1673 sionariOS,
747 1627 989 1662 concessa
1014 1611 1181 1662 etiam
1206 1612 1555 1680 Indulgentia
1588 1613 1849 1676 Plenaria‚
1877 1618 1942 1663 ut
1967 1611 2190 1682 singulis
2216 1610 2369 1661 annis

453 1695 770 1761 praestitum
786 1696 1157 1764 juramentum
1194 1699 1550 1749 anniversario
1587 1699 1674 1750 die
1709 1716 1955 1750 renovare
1991 1696 2367 1749 meminerint:

452 1785 486 1810 ‘⁶
502 1781 632 1831 serio
657 1782 979 1834 meditantes
1004 1782 1257 1834 Divinam
1278 1801 1401 1852 erga
1427 1801 1480 1834 se
1504 1783 1801 1836 bonitatem
1825 1802 1962 1853 quae
1981 1801 2066 1835 eos
2086 1781 2370 1834 constituit

452 1865 614 1917 Verbi
646 1867 919 1918 ministros
942 1867 1011 1918 ad
1045 1868 1414 1919 annuntianda
1448 1869 1715 1920 mirabilia
1749 1870 1965 1920 virtutis
1999 1887 2060 1920 ac
2093 1867 2374 1936 potentiae

454 1969 608 2012 suae3
645 1969 807 2020 quam
843 1954 1296 2005 immarcescibilis
1332 1954 1532 2023 gloriae
1569 1972 1758 2006 corona
1795 1956 1870 2006 eis
1906 1955 1965 2005 in
2002 1954 2160 2005 coelis
2184 1955 2370 2020 parata

453 2037 543 2100 sit,
569 2038 614 2087 si
640 2037 875 2088 officium
902 2055 1057 2089 suum
1083 2043 1261 2090 sancte
1285 2039 1658 2107 impleverint;
1694 2058 1961 2109 quamque
1991 2057 2021 2090 e
2050 2043 2233 2090 contra
2262 2036 2376 2088 dis-

453 2122 674 2173 trictum
714 2128 931 2174 maneat
961 2124 1233 2192 judicium
1273 2125 1318 2175 si
1356 2125 1689 2195 negligentia
1719 2125 1802 2177 vel
1832 2125 2067 2177 socordia
2093 2141 2202 2187 sua,
2228 2121 2369 2190 quod

452 2208 608 2271 absit,
634 2226 957 2276 quemquam
982 2209 1149 2277 perire
1174 2209 1508 2277 contigerit-2⁹
1522 2212 1538 2242 ¹

598 2306 648 2359 7.
686 2307 928 2376 Denique
952 2326 1017 2360 ex
1049 2309 1193 2360 hisce
1230 2310 1475 2361 omnibus
1513 2310 1674 2361 simul
1711 2311 1957 2378 sumptiS‚
1995 2327 2060 2360 ex
2097 2307 2368 2376 aequitate

453 2393 672 2457 scilicet,
710 2411 774 2445 ex
817 2394 1077 2446 charitate
1120 2395 1447 2458 sacerdotali,
1483 2412 1547 2446 ex
1590 2396 1923 2446 obedientiae
1966 2394 2370 2463 protestatione,

453 2496 518 2530 ex
543 2479 843 2547 juramenti
883 2481 1188 2544 sanctitate,
1223 2483 1457 2532 exoritur
1494 2481 1590 2531 illa
1624 2482 1890 2549 reciproca
1926 2481 2184 2548 obligatio
2227 2481 2372 2529 inter

455 2565 780 2616 sacerdotem
819 2568 1198 2635 propriumque
1236 2569 1579 2636 Episcopum,
1612 2583 1719 2634 qua
1754 2567 1823 2617 ad
1860 2583 2040 2617 eorum
2076 2564 2368 2632 respectiva

453 2667 671 2701 munera
695 2650 924 2703 fideliter
947 2653 1306 2720 adimplenda,
1332 2652 1604 2703 communi
1627 2651 1804 2702 labore
1828 2655 1885 2702 et
1908 2654 2098 2701 mutua
2123 2665 2369 2717 coopera-

454 2737 600 2786 tione
626 2737 1000 2801 confoederati,
1025 2738 1252 2788 feliciter
1276 2738 1417 2788 inter
1441 2754 1494 2787 se
1519 2736 1940 2806 adstringuntur.

599 2838 650 2886 8.
690 2835 876 2887 Sciant
898 2853 1021 2904 ergo
1046 2853 1225 2887 omnes
1250 2835 1443 2903 quibus
1468 2852 1592 2886 cura
1610 2835 1908 2884 animarum
1927 2833 2248 2885 demandata
2266 2835 2368 2896 est,

453 2922 523 2972 ad
547 2938 728 2972 omnes
753 2921 958 2972 animas
983 2926 1103 2972 tum
1131 2921 1524 2973 Catholicorum
1548 2924 1667 2971 tum
1699 2919 2112 2970 acatholicorum
2151 2918 2207 2968 in
2248 2921 2368 2968 toto

454 3007 704 3057 districtu
742 3007 832 3057 cui
869 3011 995 3058 sunt
1030 3008 1234 3058 addicti
1271 3023 1325 3057 se
1352 3023 1462 3057 esse
1486 3006 1687 3056 missos·
1764 3004 2024 3056 Omnibus
2047 3004 2191 3054 enim
2216 3002 2364 3053 debi-

454 3099 590 3144 tores
618 3109 817 3154 sumuS,
834 3109 1005 3159 neque
1028 3093 1274 3143 novimus
1299 3091 1388 3141 cui
1412 3107 1505 3158 per
1529 3107 1623 3141 nos
1649 3090 1933 3140 salutarem
1958 3106 2107 3140 suam
2131 3088 2362 3155 gratiam

454 3178 713 3228 Dominus
753 3177 978 3228 voluerit
1013 3178 1256 3228 revelare.
1331 3180 1365 3206 ‘⁶
1381 3175 1528 3226 Alias
1565 3193 1683 3226 oves
1718 3175 1902 3238 habeo,
1927 3191 2062 3242 quae
2097 3190 2204 3224 non
2238 3176 2363 3224 sunt

454 3280 518 3314 ex
560 3262 659 3313 hoc
684 3261 843 3313 ovili:
900 3266 957 3313 et
998 3262 1117 3312 illas
1160 3265 1369 3329 oportet
1412 3278 1501 3311 me
1541 3261 1817 3323 adducere,
1861 3263 1917 3310 et
1959 3276 2142 3310 vocem
2186 3274 2360 3308 meam

453 3347 693 3409 audient,
753 3351 809 3397 et
869 3346 964 3397 fiet
1022 3363 1192 3396 unum
1252 3345 1408 3408 ovile,
1469 3348 1525 3395 et
1583 3361 1722 3394 unus
1781 3342 2037 3410 pastor.'’2
2130 3343 2361 3409 Ideoque

534 3497 548 3520 ¹
569 3498 775 3538 Instruct.
808 3497 849 3537 S.
880 3497 997 3548 Conq.
1027 3497 1074 3536 de
1100 3497 1220 3546 Prop.
1251 3497 1362 3545 Fide,
1395 3494 1446 3535 de
1473 3494 1619 3534 'ritulo
1648 3491 1951 3544 Ordinationis,
1983 3506 2026 3532 n.
2058 3506 2128 3533 xv.
2197 3492 2282 3534 Die
2307 3489 2363 3537 2⁵7

454 3564 631 3619 Aprilis,
657 3564 773 3607 1871.
1223 3628 1242 3652 ⁸
1262 3628 1375 3670 Joan
1410 3641 1440 3667 Χ
1476 3629 1523 3668 16
