2534 4374
931 472 1177 514 Al‘rsxn.
1227 474 1262 513 1.
1911 458 2029 516 145

125 612 441 680 dignaretur
476 616 768 679 extendere,
811 624 907 668 aut
950 620 990 668 si
1034 619 1165 670 forte
1209 637 1301 687 pro
1345 620 1512 672 multa
1559 623 1816 690 sapientia
1852 640 1941 671 siun
1982 622 2034 671 id

137 699 486 767 incongruum
512 701 797 768 judicaret,
837 703 1071 770 ejusdem
1104 704 1289 754 saltem
1329 703 1498 756 Officii
1538 724 1597 756 ac
1634 707 1825 756 Misme
1852 709 2038 755 rovita-

138 784 338 833 tionem
376 784 481 834 toti
508 784 839 848 Germaniae,
876 789 1082 855 totique
1122 789 1343 856 Angliae
1382 791 1530 841 vellet
1573 792 1868 851 concedere,
1896 792 2035 856 quod

136 867 195 918 in
248 867 441 918 Sancto
493 868 765 921 Bonifacio
816 889 969 922 suum
1016 874 1140 923 haec
1191 874 1382 936 tilium,
1426 893 1575 925 suurn
1622 876 1724 925 alia
1771 884 2040 925 veneretur

137 954 447 1020 Apostolum
470 973 483 1015 ;
523 956 735 1022 reliquis
764 975 880 1008 vero
904 966 1050 1009 extra
1074 960 1411 1010 Germaniam
1440 968 1488 1010 et
1521 962 1764 1027 Angliain
1792 961 2039 1011 dioecesi-

104 1061 114 1066 ··
137 1038 235 1089 bus
261 1038 304 1088 si
330 1038 540 1090 illarum
571 1041 818 1110 Episcopi
844 1044 1107 1106 duxerint,
1130 1062 1192 1094 ea
1215 1046 1281 1094 de
1307 1062 1360 1095 re
1386 1046 1806 1113 supplicandum.

283 1122 593 1175 Istiusmodi
618 1144 810 1193 preces,
835 1128 1088 1179 referente
1115 1146 1198 1179 me
1223 1130 1511 1197 subscripto
1530 1148 1785 1181 sacrorum
1814 1130 2036 1181 Bit-nuni

141 1207 575 1278 Congregationis
619 1213 907 1274 secretariO,
953 1213 1092 1263 idem
1139 1213 1511 1264 Sanctissimus
1557 1215 1813 1266 Dominus
1855 1215 2041 1265 Noster

135 1294 423 1345 clementer
447 1297 730 1363 excipienS,
757 1298 982 1349 indulsit
1007 1307 1069 1349 ut
1089 1300 1144 1349 in
1166 1306 1279 1350 tota
1300 1299 1580 1350 Germania
1600 1310 1653 1349 et
1674 1300 1867 1367 Anglia
1885 1309 2041 1366 quot-

135 1386 273 1447 quot
291 1381 547 1432 dioeceses
571 1384 955 1434 concessionem
977 1383 1149 1435 Officii
1171 1388 1226 1434 et
1241 1384 1435 1435 Missae
1459 1385 1524 1435 de
1544 1385 1736 1435 Sancto
1757 1386 2041 1447 Bonifaoio,

56 1455 58 1458 Α
145 1468 405 1536 Episcopo
441 1474 497 1519 et
530 1469 764 1537 Martyre
797 1471 865 1523 ab
898 1471 1200 1538 Apostolica
1245 1471 1376 1522 Sede
1410 1473 1644 1523 nondum
1684 1475 2041 1532 obtinuerunt,

145 1554 441 1605 volentibus
467 1556 743 1624 Episcopis
768 1558 986 1607 recitare
1011 1557 1200 1608 amodo
1224 1557 1427 1624 possint
1446 1557 1606 1623 juxta
1632 1558 1894 1624 exemplar
1921 1559 2042 1606 huic

144 1643 352 1693 decreto
385 1644 655 1710 praevium
692 1644 789 1695 sub
818 1646 927 1695 ritu
957 1645 1158 1712 duplici
1199 1645 1396 1695 minore
1436 1645 1523 1696 die
1563 1646 1750 1712 quinta
1792 1644 1824 1695 J
1831 1646 1943 1696 unii
1991 1647 2043 1695 in

146 1730 524 1799 Martyrologio
558 1731 860 1799 assignata3
897 1730 1225 1797 indulsitque
1262 1735 1528 1798 praeterea
1552 1737 1611 1780 ut
1648 1739 1793 1781 extra
1833 1732 2050 1780 Germa-

94 1876 97 1879 Α
145 1817 292 1867 niam
316 1819 372 1866 et
396 1815 648 1884 Angliam
673 1833 704 1867 a
731 1834 873 1867 sacra
899 1817 1124 1867 Rituum
1152 1815 1568 1884 Congregatione
1593 1819 1773 1867 eadem
1791 1819 2048 1866 concessio

147 1903 410 1955 tribuatur
446 1903 740 1971 Episcopis,
774 1905 867 1971 qui
904 1904 1323 1971 postulaverint3
1362 1905 1647 1956 dummodo
1682 1905 1913 1954 rubricae
1948 1923 2050 1955 ser-

156 1994 358 2052 ventur,
383 1989 657 2040 contrariis
681 1990 1079 2056 quibuscunque
1105 2006 1207 2039 non
1240 1989 1584 2041 obstantibus

292 2074 390 2124 Die
417 2077 484 2125 29
511 2075 716 2139 Martii,
750 2078 899 2127 1855.

1349 2149 1407 2199 C.
1450 2150 1624 2216 Episc.
1664 2149 1942 2199 Albanens.

923 2233 1094 2286 CARD.
1140 2234 1386 2297 PA'rmz1,
1425 2231 1481 2285 S.
1513 2232 1581 2285 R.
1607 2231 1939 2301 Praefectus.

922 2320 994 2370 H.
1035 2319 1292 2382 CAPALTI,
1323 2316 1380 2371 S.
1407 2317 1474 2370 R.
1504 2316 1559 2370 0.
1589 2316 1942 2369 Secretmvm.

295 2391 356 2442 L.
395 2389 466 2460 ,χι
502 2389 557 2444 s,

798 2536 1200 2588 DECRETUM
1255 2537 1404 2586 XIV.

147 2650 230 2701 De
257 2648 442 2718 Officio
468 2647 525 2701 S.
554 2647 773 2701 Mariae
806 2648 873 2700 M
871 2649 1173 2717 aydale‘nae
1197 2650 1262 2703 cle
1295 2649 1513 2714 Fame,
1548 2657 1594 2703 et
1629 2651 1695 2703 de
1723 2650 2055 2704 Commmno-

672 2733 890 2788 ‘ratione
916 2734 972 2788 S.
1002 2734 1239 2800 Georqii,
1266 2736 1332 2787 M
1329 2735 1553 2804 artyris.

152 2825 464 2875 Beatissime
488 2824 664 2888 Pater,

295 2909 547 2961 Nicolaus
627 2909 916 2962 Cardinalis
989 2912 1420 2980 Archiepiscopus
1490 2913 2057 2963 westmonasteriensis

154 2994 455 3046 humillime
493 2996 760 3064 supplicat
796 3002 859 3048 ut
902 2996 955 3048 S.
997 2998 1061 3048 V.
1103 2999 1331 3067 benigne
1370 2998 1621 3063 dignetur
1668 3000 1926 3066 assignare
1966 3014 2056 3063 pro

155 3080 350 3148 Anglia
393 3081 534 3131 diem
581 3083 612 3130 3
656 3082 807 3133 Junii
852 3088 1107 3151 tanquam
1158 3085 1426 3151 proprium
1469 3100 1560 3150 pro
1600 3084 1731 3133 festo
1772 3081 1824 3133 S.
1858 3082 2056 3130 Mariae

155 3165 505 3234 Magdalenae
543 3167 608 3217 de
654 3166 851 3230 Pazzis,
895 3185 1000 3235 quo
1040 3169 1127 3219 die
1170 3186 1260 3236 per
1302 3168 1690 3236 quinquaginta
1735 3175 1789 3215 et·
1828 3166 2057 3231 amplius

151 3266 336 3311 annos,
360 3253 423 3299 ut
447 3250 675 3313 videtur,
701 3252 759 3301 in
784 3253 980 3322 Anglia
1004 3271 1096 3321 per
1119 3271 1339 3305 errorem
1367 3255 1559 3304 festum
1585 3253 1718 3303 illud
1740 3253 2054 3301 ‹soloin-atum

158 3341 255 3406 est.
330 3334 551 3403 Insuper
575 3338 715 3403 petit
741 3342 805 3387 ut
830 3354 861 3387 a
886 3343 1001 3388 toto
1026 3339 1236 3407 Angliae
1262 3340 1398 3389 clero
1435 3337 1724 3404 antiphona
1753 3354 1872 3386 cuin
1903 3336 2058 3383 versi-

154 3422 276 3472 culo
302 3426 358 3472 et
382 3423 701 3489 responsorio
726 3439 758 3471 a
793 3422 846 3474 S.
873 3423 936 3473 V.
968 3440 1060 3489 pro
1097 3423 1589 3473 commemoratione
1628 3423 1681 3471 in
1717 3420 1977 3486 suffragiis
2004 3421 2055 3468 S.

159 3507 390 3577 Georgii,
415 3507 681 3576 MartyriS,
714 3508 937 3577 Angliae
974 3508 1288 3558 Protectoris
1325 3507 1579 3566 facienda,
1604 3507 1810 3555 decreto
1847 3505 1950 3554 diei
1997 3507 2058 3552 13

160 3593 365 3655 Martii,
408 3594 562 3656 1853,
587 3593 815 3661 benigne
851 3593 1140 3660 approbata
1164 3593 1231 3642 ad
1269 3592 1518 3658 Vesperas
1549 3599 1602 3641 et
1643 3590 1844 3640 Laudes
1883 3590 1938 3639 in
1976 3589 2061 3638 die

158 3678 294 3728 festo
318 3677 554 3741 ejusdem
580 3676 763 3728 Sancti
788 3683 843 3728 et
868 3694 959 3745 per
985 3682 1243 3738 octavam,
1269 3676 1476 3726 recitari
1503 3682 1557 3726 et
1585 3675 1769 3725 valeat.

308 3760 492 3824 Quare,
516 3766 617 3812 etc.
