2534 4374
443 418 574 480 302
1019 438 1182 480 cone.
1229 439 1398 481 PRov.
1444 440 1664 483 wner.
1713 440 1789 482 1v.

450 587 740 655 quidquam
765 602 859 654 per
885 584 1213 653 Capitulares
1246 586 1555 637 decernatur
1580 592 1761 638 contra
1776 588 1915 656 juris
1940 588 2358 656 dispositionem,

452 673 532 724 vel
572 673 630 722 in
669 671 809 740 praej
816 672 1057 722 udicium
1100 671 1385 734 Ecclesiae,
1425 689 1456 722 a
1497 671 1774 724 Canonicis
1813 674 2060 744 denegari
2098 690 2205 724 non
2242 689 2358 740 pos-

444 763 591 822 sunt,
616 758 841 826 illasque
865 775 897 808 a
924 756 1202 809 Canonicis
1227 757 1520 826 Episcopus
1551 759 1757 828 exigere
1787 759 1930 810 valet
1962 759 2060 811 sub
2089 758 2273 827 poenis
2304 762 2358 809 et

444 843 726 895 censuriS.'’
794 843 1019 910 Insuper
1043 844 1157 894 dari
1173 845 1338 912 jussit
1361 845 1735 896 resolutionem
1760 846 1818 896 in
1843 845 2028 896 Alben.
2055 843 2110 896 S.
2134 843 2359 895 Rituum

451 928 886 998 Congregationis
915 929 1024 979 diei
1062 930 1127 980 19
1165 928 1312 997 Sept.
1347 929 1504 994 1710,
1531 929 1777 997 CongniS.
1810 929 2167 993 ParticulariS,
2191 928 2261 980 ad
2291 929 2360 980 34

449 1020 504 1066 et
530 1017 632 1067 35:
671 1031 862 1083 nempe
890 1017 973 1068 34.
1015 1020 1048 1046 ‘⁶
1065 1015 1148 1066 Ad
1175 1014 1488 1084 Capitulum
1526 1020 1769 1067 teneatur
1803 1016 2028 1067 retinere
2063 1014 2278 1077 librum,
2301 1015 2358 1064 in

442 1117 553 1168 quo
601 1101 854 1152 distincte
901 1102 1221 1152 adnotent-ur
1269 1118 1450 1152 omnes
1498 1102 1838 1152 resolutiones
1888 1099 2251 1169 Capitulares;
2305 1103 2359 1149 et

448 1186 635 1250 alium,
661 1187 719 1236 in
737 1204 841 1254 quo
861 1187 1111 1238 similiter
1129 1188 1448 1238 adnotentur
1466 1187 1718 1237 introitus
1736 1191 1792 1237 et
1817 1187 1990 1238 exitus
2006 1190 2360 1254 proventuum

448 1273 655 1324 Massae
701 1272 1019 1340 Capitularis
1039 1273 1063 1324 ⁴?
1080 1273 1107 1296 ’⁹
1183 1276 1268 1324 35.
1307 1278 1341 1304 “
1356 1273 1442 1324 An
1485 1271 1796 1340 Capitulum
1838 1276 2081 1323 teneatur
2118 1271 2360 1323 exhibere

449 1358 711 1426 Episcopo
737 1358 907 1409 dictos
931 1358 1090 1409 libros
1116 1360 1275 1410 toties
1299 1359 1508 1426 quoties
1533 1358 1616 1408 illi
1642 1358 1911 1408 videbitur
1925 1357 1950 1397 Ῥ
1966 1357 1993 1380 ”
2058 1356 2110 1409 S.
2134 1355 2360 1426 Congre—

448 1445 596 1513 gatio
637 1445 925 1512 respondit,
969 1445 1053 1496 ad.
1094 1446 1179 1495 34.
1230 1442 1610 1514 Affirmative;
1663 1443 1731 1494 ad
1777 1445 1862 1494 35.
1912 1440 2254 1511 Affirmativc
2296 1458 2359 1494 cx

447 1527 782 1583 rationabili
806 1546 994 1582 causa.

1347 1616 1412 1668 P.
1465 1615 1668 1667 CARD.
1721 1615 2082 1678 CATERINI,

2005 1700 2273 1756 Praefectus.

629 1797 692 1848 L.
718 1795 790 1868 ›1‹
819 1797 875 1851 S.
1426 1797 1491 1849 P.
1528 1799 1798 1850 ARcmEP.
1839 1798 2176 1863 SARDIANUS,
2212 1796 2355 1851 Scor.
2455 1823 2459 1834 .

1347 2172 1462 2233 VI.

681 2336 780 2386 DE
841 2334 1367 2389 PROMOVENDIS
1428 2338 1523 2390 AD
1587 2339 2115 2393 EPISCOPATUM.

1107 2471 1203 2520 (Ad
1226 2472 1435 2511 Decretwm
1473 2473 1616 2521 VIII„
1646 2473 1702 2524 3.)

442 2602 719 2642 ‘NOTIONES
740 2601 814 2640 Ac
838 2601 1212 2649 QUAESTIONES
1243 2600 1409 2641 CIRCA
1442 2602 1782 2651 QUALITATES
1813 2603 1965 2651 QUAE
1987 2602 2355 2643 NECESSARIAE

503 2689 645 2728 SUNT
669 2688 731 2726 IN
754 2687 1148 2726 PROMOVENDIS
1170 2686 1248 2725 AD
1271 2687 1602 2727 EPISCOPALE
1625 2688 1821 2728 MUNUS
1843 2688 1913 2729 Ac
1936 2688 2298 2730 DIGMTATEM.

595 2807 644 2855 1.
694 2804 920 2868 Nomen,
945 2821 1253 2874 cognomen,
1278 2809 1440 2867 aetas,
1464 2805 1637 2872 patria
1664 2804 1963 2856 Candidati.

593 2893 644 2941 2.
696 2889 856 2958 Cujus
879 2889 1145 2940 Dioecesis
1171 2890 1242 2939 sit
1265 2907 1327 2939 ac
1352 2889 1660 2940 Provinciae
1684 2889 2100 2940 Ecclesiasticae.

595 2978 644 3026 3.
695 2975 929 3026 Ubinam
955 2975 1144 3025 studiis
1169 2974 1481 3043 theologicis
1505 2976 1785 3038 vacaverit,
1809 2979 1866 3026 et
1888 2990 1993 3042 quo
2016 2975 2273 3041 profectu.

592 3064 645 3112 4.
694 3061 779 3111 An
802 3061 995 3130 gradus
1020 3064 1288 3111 assecutus
1311 3060 1489 3123 fuerit,
1513 3064 1570 3111 et
1597 3077 1742 3128 quos

595 3148 644 3197 5.
695 3147 777 3196 An
802 3145 1056 3214 professor
1079 3145 1336 3208 extiterit,
1359 3151 1416 3196 et
1439 3145 1591 3212 cujus
1615 3145 1902 3197 facultatis.

594 3233 643 3283 6.
694 3232 777 3282 An
802 3235 859 3282 et
881 3230 975 3282 ubi
999 3231 1270 3281 missiones
1295 3247 1461 3281 sacras
1486 3231 1729 3294 obiverit,
1747 3236 1803 3282 et
1826 3248 1988 3298 quam
2011 3232 2071 3282 in
2095 3232 2171 3282 eis
2196 3247 2353 3300 expe-

448 3318 695 3369 rientiam
719 3317 1028 3368 obtinuerit.
1792 3306 1795 3307 ⁷

593 3400 643 3452 7.
695 3401 836 3461 Quot
859 3401 1069 3469 linguas
1094 3400 1303 3463 calleat,
1326 3404 1383 3450 et
1405 3416 1550 3467 quas.

592 3489 643 3537 8.
695 3485 898 3546 Quibus
923 3484 1109 3536 officiis
1133 3486 1203 3536 sit
1227 3485 1534 3552 perfunctus
1559 3488 1615 3535 et
1638 3501 1741 3553 quo
1767 3501 2020 3537 successu.

592 3574 641 3622 9.
693 3571 866 3632 Quam
912 3571 1251 3638 prudentiam
1313 3568 1610 3620 exhibuerit
1657 3570 1716 3620 in
1778 3569 2244 3622 deliberationibus
2292 3573 2349 3621 et

444 3656 637 3724 agendi
662 3655 881 3706 ratione.
