2534 4374
973 536 1214 579 APPEND.
1262 536 1298 577 1.
1939 525 2050 582 1:21

175 679 472 731 veneranda
549 679 788 743 traditi0,
862 685 1146 749 perpetuus
1220 682 1481 735 Ecclesiae
1541 701 1736 748 sensus,
1796 686 2072 752 singularis

173 764 560 815 catholicorum
606 764 930 815 Antistitum
978 782 1038 816 ac
1087 765 1326 818 fidelium
1376 769 1707 837 conspiratio,
1741 777 1796 820 et
1847 771 2073 837 insignia

179 847 640 901 Praedecessorum
650 848 959 903 Nostrorum
970 857 1089 903 acta
1104 857 1157 904 et
1168 854 1572 905 constitutiones
1582 854 1800 906 mirifice
1810 855 1949 906 illust
1959 864 2073 906 rant

173 945 340 1008 atque
380 939 679 999 declarant3
741 939 892 991 rebus
940 940 1183 992 omnibus
1232 941 1638 1012 diligentissime
1688 946 1969 1013 perpensis,
2019 956 2066 995 vt

172 1025 401 1077 assiduis
450 1025 767 1093 fervidisque
816 1026 883 1077 ad
933 1026 1104 1078 Deum
1153 1027 1393 1095 precibus
1436 1028 1614 1078 effusis
1658 1030 1877 1081 minime
1919 1047 2074 1081 cune-

180 1110 404 1161 tandum
440 1109 607 1161 Nobis
643 1127 750 1161 esse
775 1111 1072 1162 censuimus
1098 1128 1338 1179 supremo
1364 1111 1554 1163 Nostro
1579 1113 1785 1180 judicio
1816 1115 2073 1165 lmmacu-

179 1195 347 1247 latam
384 1195 551 1263 ipsius
588 1195 825 1264 Virginis
864 1194 1274 1263 Conceptionem
1313 1198 1526 1259 sancire,
1552 1197 1785 1260 definire,
1810 1204 1969 1267 atque
2000 1200 2074 1249 ita

179 1280 525 1348 pientissimis
573 1279 823 1330 catholici
886 1279 1022 1330 orbis
1082 1281 1367 1345 desideriis,
1418 1282 1740 1351 Nostraeque
1791 1286 1843 1334 in
1909 1286 2072 1352 ipsam

175 1369 580 1422 Sanctissimam
630 1368 907 1437 Virginem
957 1369 1149 1436 pietati
1198 1371 1513 1434 satisfacere,
1556 1389 1616 1422 ac
1667 1373 1822 1423 simul
1864 1375 1917 1423 in
1958 1374 2071 1440 ipsa

180 1455 521 1524 unigenitum
559 1452 764 1504 Filium
802 1470 956 1504 suum
994 1454 1286 1505 Dominum
1317 1454 1568 1507 Nostrum
1596 1456 1629 1507 J
1633 1474 1777 1507 esum
1807 1457 2073 1507 Christum

180 1545 351 1613 magis
387 1548 548 1612 atque
583 1544 754 1613 magis
790 1542 1147 1606 honorificare,
1173 1561 1296 1594 cum
1322 1544 1378 1594 in
1417 1544 1619 1595 Filium
1646 1546 1902 1595 redundet
1926 1547 2076 1613 quid-

174 1630 309 1700 quid
332 1628 543 1680 honoris
565 1631 622 1678 et
646 1627 817 1678 laudis
841 1627 900 1677 in
925 1627 1156 1678 Matrem
1182 1629 1526 1696 impenditur.

216 1715 383 1777 Quare
407 1718 688 1781 postquam
706 1728 979 1779 nunquam
998 1713 1379 1764 intermisimus
1398 1714 1456 1763 in
1476 1713 1785 1765 humilitate
1801 1721 1853 1765 et
1872 1716 2079 1783 jejunio

181 1802 410 1870 privatas
428 1798 644 1850 Nostras
664 1802 719 1849 et
737 1798 977 1865 publicas
994 1798 1260 1850 Ecclesiae
1284 1815 1461 1864 preces
1479 1798 1589 1849 Deo
1606 1799 1751 1849 Patri
1773 1817 1862 1867 per
1884 1800 2077 1849 Filium

181 1887 295 1955 ejus
330 1885 529 1947 offerre,
565 1888 630 1934 ut
668 1883 899 1951 Spiritus
936 1882 1119 1934 Sancti
1158 1884 1359 1934 virtute
1395 1890 1628 1935 mentem
1669 1885 1914 1935 Nostram
1954 1886 2079 1935 diri-

172 1990 318 2042 gere,
366 1976 423 2023 et
470 1969 776 2021 confirmare
825 1969 1149 2038 dignaretur,
1199 1969 1481 2036 implorato
1530 1970 1798 2021 universae
1845 1971 2079 2021 coelestis

181 2055 357 2105 curiae
391 2052 669 2120 praesidio,
696 2055 752 2102 et
788 2051 1043 2101 advocato
1080 2067 1203 2100 cum
1240 2051 1529 2118 gemitibus
1562 2051 1832 2102 Paracleto
1860 2052 2078 2118 Spiritu,

181 2156 348 2210 eoque
373 2139 447 2189 sic
463 2138 746 2205 aspirante,
763 2137 831 2187 ad
849 2137 1098 2187 honorem
1125 2135 1351 2187 Sanctae
1370 2140 1426 2186 et
1446 2136 1760 2187 Individuae
1786 2137 2080 2196 Trinitatis,

175 2226 249 2277 ad
268 2225 424 2275 decus
442 2227 498 2274 et
515 2225 886 2273 ornamentum
904 2221 1138 2288 Virginis
1157 2220 1430 2288 Deiparae,
1448 2222 1514 2271 ad
1530 2222 1902 2272 exaltationem
1926 2222 2074 2271 Fidei

174 2310 489 2372 catholicae,
539 2313 596 2359 et
645 2306 973 2360 Christianae
1022 2306 1315 2375 Religionis
1364 2310 1728 2375 augmentum,
1766 2307 2079 2356 auctoritate

181 2395 399 2446 Domini
437 2392 618 2445 Nostri
658 2391 786 2443 Jesu
829 2390 1043 2453 Christi,
1082 2390 1366 2441 Beatorum
1412 2390 1781 2457 Apostolorum
1835 2391 1977 2440 Petri
2025 2401 2073 2438 et

183 2481 356 2542 Pauli,
381 2497 443 2530 ac
481 2478 662 2530 Nostri
704 2477 1044 2540 declaramuS,
1090 2477 1491 2544 pronuntiamus
1531 2481 1586 2526 et
1622 2476 1920 2537 definimuS,
1959 2477 2078 2525 doc-

181 2568 379 2618 trinam
421 2581 557 2633 quae
599 2568 768 2625 tenet,
808 2562 1179 2613 Beatissimam
1227 2561 1501 2630 Virginem
1541 2560 1767 2611 Mariam
1812 2562 1867 2610 in
1913 2562 2079 2627 primo

183 2652 408 2703 instanti
456 2666 577 2700 suae
619 2647 990 2715 Conceptionis
1040 2647 1198 2696 fuisse
1249 2645 1504 2712 singulari
1546 2644 1941 2711 Omnipotentis
1980 2643 2074 2693 Dei

182 2738 355 2806 gratia
395 2740 452 2786 et
487 2733 782 2803 privilegiO,
808 2732 1017 2782 intuitu
1054 2732 1362 2782 meritorum
1402 2729 1595 2781 Christi
1634 2728 1666 2779 J
1671 2746 1759 2779 esu
1799 2728 2078 2778 Salvatoris

181 2820 402 2873 humani
441 2820 663 2889 generis,
707 2818 775 2869 ab
818 2817 964 2868 omni
1008 2816 1279 2885 originalis
1317 2815 1503 2882 culpae
1543 2814 1657 2864 labe
1702 2820 2076 2881 praeservatam

183 2910 495 2969 immunem,
537 2922 644 2956 esse
687 2921 718 2954 a
766 2903 880 2954 Deo
928 2902 1231 2963 revelatam,
1274 2904 1434 2967 atque
1483 2900 1675 2949 idcirco
1723 2899 1791 2948 ab
1839 2898 2078 2949 omnibus

181 2992 426 3044 fidelibus
461 2991 685 3041 firmiter
709 2991 1109 3055 constanterque
1146 2986 1473 3037 credendam.
1548 2983 1888 3051 Quapropter,
1913 2984 1954 3032 si
1986 2985 2074 3049 qui

183 3095 329 3129 secus
369 3093 432 3128 ac
473 3092 507 3127 a
547 3074 713 3125 Nobis
750 3072 1032 3125 definitum
1069 3076 1167 3134 est,
1192 3071 1329 3139 quod
1369 3070 1509 3120 Deus
1535 3074 1752 3130 avertat,
1780 3086 2076 3135 praesump-

179 3166 344 3215 serint
391 3162 543 3213 corde
592 3160 803 3222 sentire,
848 3159 889 3208 ii
938 3158 1197 3219 noverint,
1241 3173 1300 3206 ac
1345 3172 1492 3222 porro
1538 3154 1724 3215 sciant,
1767 3171 1820 3203 se
1871 3156 2076 3221 proprio

182 3248 382 3316 judicio
419 3247 809 3306 condemnatos,
834 3243 1171 3311 naufragium
1209 3241 1346 3291 circa
1383 3239 1541 3289 fidem
1580 3254 1751 3305 passos
1782 3255 1906 3299 esse,
1930 3246 1985 3288 et
2009 3240 2077 3288 ab

183 3335 391 3386 unitate
433 3331 701 3383 Ecclesiae
743 3330 1008 3391 defecisse,
1049 3345 1109 3378 ac
1148 3339 1410 3395 praeterea
1453 3325 1591 3374 facto
1635 3325 1745 3390 ipso
1783 3340 1876 3373 suo
1913 3332 2071 3373 semet

183 3421 366 3488 poenis
389 3435 422 3470 a
436 3419 558 3485 jure
583 3417 801 3469 statutis
826 3415 1081 3482 subjicere
1106 3414 1148 3463 si
1182 3412 1319 3479 quod
1347 3410 1497 3460 corde
1522 3409 1776 3469 sentiunt,
1803 3409 1956 3458 verbo
1981 3418 2067 3459 aut

183 3506 396 3572 scripto,
419 3503 504 3554 vel
529 3502 633 3553 alio
658 3502 842 3569 quovis
866 3503 1079 3550 externo
1105 3497 1260 3547 modo
1285 3495 1575 3563 significare
1600 3495 1713 3544 ausi
1740 3494 1952 3544 fuerint.

328 3589 613 3656 Repletum
639 3586 854 3654 quidem
881 3589 960 3636 est
983 3583 1178 3653 gaudio
1214 3598 1271 3632 os
1308 3580 1559 3630 Nostrum
1584 3584 1640 3629 et
1664 3579 1845 3648 lingua
1886 3579 2071 3630 Nostra

185 3674 553 3735 exsultatione,
568 3676 726 3740 atque
746 3669 1073 3721 humillimas
1093 3667 1451 3732 maximasque
1471 3662 1676 3715 Christo
1695 3663 1731 3714 J
1733 3680 1821 3714 esu
1845 3664 2070 3714 Domino

116 3796 131 3806 i
186 3759 377 3809 Nostro
419 3758 629 3826 agimus
671 3760 728 3808 et
770 3772 973 3823 semper
1012 3769 1229 3821 agemus
1263 3751 1473 3818 gratiaS,
1504 3749 1644 3816 quod
1689 3749 1935 3816 singulari
1981 3767 2072 3798 su«.

184 3842 439 3895 beneficio
488 3841 655 3892 Nobis
690 3840 820 3891 licet
862 3837 1263 3889 immerentibus
1301 3835 1607 3886 concesserit
1643 3833 1782 3883 hunc
1827 3833 2068 3883 honorem
