2534 4374
674 803 1076 867 STATUTA
1147 803 1763 867 CAPITULARIA

354 986 426 1029 IN
470 987 708 1030 SYNODO
754 988 949 1030 PRIMA
993 989 1388 1031 PROVINCIALI
1434 989 1664 1030 WESTM.
1712 988 2081 1030 APPROBATA.

788 1244 843 1298 Ι.
892 1243 973 1296 De
1008 1242 1308 1297 Canonicis
1340 1242 1409 1295 in
1441 1259 1649 1311 ymera.

411 1370 460 1421 1.
511 1368 764 1422 Canonici
787 1370 1093 1422 meminisse
1117 1370 1314 1422 debent
1339 1388 1392 1422 se
1418 1371 1475 1421 in
1500 1373 1743 1422 senatum
1769 1369 2001 1439 episcopi
2026 1369 2172 1420 dioe-

263 1455 439 1505 cesani
482 1456 680 1507 accitos
720 1456 899 1519 fuisse,
936 1456 1160 1523 ideoque
1195 1456 1380 1507 debere
1417 1457 1595 1524 ipsum
1631 1455 1838 1523 juvare,
1873 1459 1931 1506 et
1967 1454 2169 1505 clericis

262 1540 430 1591 totius
468 1541 717 1594 dioecesis
753 1542 1048 1611 praelucere
1081 1542 1139 1593 in
1176 1541 1426 1593 exercitio
1465 1541 1749 1604 virtutum,
1792 1556 1929 1608 quae
1968 1544 2168 1590 statum

262 1624 677 1677 ecclesiasticum
702 1628 984 1696 praecipue
1008 1627 1213 1679 decent.

406 1713 457 1762 2.
510 1711 746 1780 Expedit
778 1716 844 1763 ut
882 1712 1082 1781 singuli
1121 1729 1276 1781 saepe
1317 1712 1501 1782 legant
1537 1714 1741 1762 statuta
1779 1710 2026 1778 capituli,
2067 1726 2172 1777 quo

261 1793 452 1844 melius
477 1796 534 1845 et
556 1793 820 1846 efficacius
845 1811 1044 1846 servare
1069 1795 1274 1863 possint
1298 1811 1432 1862 quae
1457 1794 1514 1845 in
1539 1794 1668 1862 ipsis
1692 1794 2062 1845 decernuntur.

407 1877 456 1926 3.
508 1875 719 1946 Singuli
744 1880 955 1929 attente
978 1877 1235 1948 colligent
1259 1895 1323 1928 ex
1350 1876 1403 1929 S.
1430 1877 1719 1928 canonibus
1743 1875 2172 1942 authenticisque

260 1975 442 2010 eorum
465 1959 1012 2027 interpretationibUS,
1029 1973 1291 2028 quaenam
1317 1961 1426 2011 sint
1449 1959 1818 2029 obligationeS,
1837 1962 1893 2009 et
1911 1973 2170 2025 quaenam

261 2044 371 2096 sint
385 2044 511 2113 jura
534 2047 925 2109 canonicorum,
950 2050 1032 2109 ut,
1056 2046 1188 2097 dum
1224 2045 1352 2096 haec
1389 2050 1630 2097 accurate
1666 2044 2017 2113 perpendunt,
2054 2042 2174 2093 illas

260 2131 428 2182 etiam
452 2131 680 2199 rigorose
709 2131 1059 2200 adimpleant.

402 2218 456 2267 4.
506 2214 853 2284 Summopere
902 2217 1355 2281 commendamus,
1411 2222 1477 2269 ut
1524 2217 1766 2268 canonici
1814 2216 1882 2267 ad
1929 2214 1988 2266 id
2037 2214 2172 2264 vires

260 2318 487 2370 opesque
502 2320 620 2354 suas
635 2304 925 2367 conferant,
939 2308 1003 2354 ut
1018 2303 1283 2372 paulatim
1307 2303 1634 2372 praebendae
1649 2302 1941 2353 formentur
1959 2300 2176 2351 cathed-

261 2387 360 2438 rali
384 2388 635 2439 ecclesiae
659 2406 910 2453 annexae,
935 2394 1215 2457 quatenuS,
1239 2389 1453 2440 favente
1477 2388 1727 2451 Domino,
1747 2386 2007 2449 canonici,
2032 2385 2174 2454 apud

261 2471 538 2523 ecclesiam
575 2474 748 2541 ipsam
783 2474 1088 2538 residenteS,
1112 2475 1295 2526 divina
1319 2472 1493 2525 officia
1528 2472 1846 2541 persolvant,
1871 2477 1927 2523 et
1963 2471 2174 2522 facilius

260 2558 466 2625 possint
489 2561 795 2628 episcopum
819 2560 879 2610 in
904 2561 1131 2612 dioecesi
1155 2559 1381 2629 regenda
1406 2558 1693 2610 sublevare.

407 2645 458 2695 5.
510 2643 763 2696 Canonici
789 2646 859 2697 ad
877 2645 976 2697 hoc
996 2662 1152 2713 saepe
1169 2644 1531 2713 implorabunt
1548 2643 1809 2718 auxilium
1828 2647 1991 2711 atque
2009 2643 2176 2693 inter-

262 2730 548 2782 cessionem
588 2732 759 2783 sancti
797 2731 868 2785 N.
909 2732 1008 2784 sub
1045 2731 1197 2800 cujus
1234 2731 1572 2783 invocatione
1607 2730 1826 2782 ecclesia
1857 2728 2174 2780 cathedralis

262 2814 510 2867 dedicata
531 2820 628 2869 est.

676 2951 764 3005 ΙΙ.
813 2951 896 3005 Dc
931 2950 1294 3006 Admissione
1329 2950 1761 3005 Canonicorwm.

371 3074 424 3129 6.
475 3073 787 3141 CanonicuS,
812 3077 1044 3145 acceptis
1067 3076 1264 3128 litteris
1290 3093 1413 3127 suae
1445 3075 1810 3143 promotionis,
1834 3072 2178 3143 personaliter

262 3160 350 3212 vel
374 3161 564 3212 saltem
590 3179 683 3230 per
706 3161 1007 3229 epistolam,
1024 3178 1206 3213 earum
1225 3161 1529 3229 exemplum
1553 3161 1620 3211 ad
1641 3160 2004 3211 Reverendum
2028 3158 2171 3209 adm.

263 3244 329 3296 D.
355 3247 718 3314 praepositum
760 3245 933 3317 (Vm-y
970 3245 1099 3298 Rev.
1135 3245 1221 3299 the
1252 3244 1509 3315 Provost)
1555 3246 1903 3307 transmittet,
1944 3259 2175 3310 eumque

262 3331 489 3400 rogabit,
511 3336 578 3383 ut
601 3333 670 3383 ad
693 3333 1068 3400 possessionem
1098 3334 1179 3383 sui
1218 3331 1570 3384 Canonicatus
1607 3331 1941 3381 admittatur.
2016 3328 2172 3379 Prae—

262 3417 464 3484 positus
506 3417 613 3484 ipsi
660 3418 852 3469 deinde
901 3417 1226 3487 significabit
1274 3417 1418 3468 diem
1467 3415 1736 3483 proximae
1784 3413 2172 3465 convocationis

261 3501 504 3569 capituli,
522 3503 591 3554 ad
606 3519 767 3570 quam
781 3506 1110 3570 praesentare
1125 3502 1292 3569 possit
1306 3502 1510 3552 litteras
1526 3499 1836 3567 praedictas.
1877 3496 2172 3549 Canonicus

261 3601 433 3653 neque
471 3587 766 3657 privilegiis
809 3587 908 3650 uti,
947 3603 1117 3654 neque
1150 3587 1261 3637 ulla
1296 3586 1421 3654 jura
1456 3601 1690 3636 exercere
1727 3583 1887 3645 valet,
1924 3584 2026 3633 nisi
2053 3587 2173 3650 post

263 3675 477 3739 captam
501 3673 880 3739 possessionem
906 3674 988 3723 sui
1014 3673 1373 3724 canonicatus,

408 3755 458 3808 7.
508 3756 610 3807 Die
646 3773 679 3807 a
711 3757 949 3825 capitulo
985 3757 1232 3824 praefim,
1266 3772 1433 3807 novus
1470 3753 1768 3815 canonicus,
1806 3768 1928 3801 cum
1968 3750 2171 3800 duobus

262 3840 528 3892 canonicis
569 3841 638 3892 ab
675 3842 791 3909 ipso
829 3842 1028 3910 rogatis
1067 3841 1193 3892 hinc
1232 3841 1357 3892 inde
1388 3837 1773 3899 assistentibuS,
1808 3836 2009 3886 litteras
2046 3850 2169 3885 suae
