2534 4374
505 444 623 507 138
1068 466 1228 508 coNc.
1273 465 1440 508 PRov.
1490 466 1713 510 wsser.
1763 467 1827 508 11.

497 610 792 674 valituram,
815 629 907 679 per
931 611 1028 662 hoc
1055 611 1107 662 S.
1136 611 1568 682 congregationis
1601 614 1886 666 Decretum
1910 617 2053 684 typis
2078 616 2394 685 impressum

495 695 751 762 publicari
790 697 979 759 voluit,
1018 697 1304 748 dummodo
1347 702 1582 749 caeterae
1606 716 1786 750 omnes
1811 699 1946 750 aliae
1972 703 2302 754 conditiones
2338 704 2398 754 in

495 782 893 849 particularibus
912 782 996 832 vel
1020 782 1349 851 generalibus
1368 784 1788 835 concessionibus
1806 786 2196 852 praedictarum
2215 788 2394 839 indul-
2421 779 2424 781 ⁵
2494 845 2496 848 y

493 868 794 936 gentiarum
819 885 911 934 pro
935 867 1004 918 iis
1028 867 1381 935 adipiscendis
1405 869 1758 936 praescriptae
1783 871 2001 922 omnino
2027 877 2314 924 serventur.

635 951 835 1002 Datum
885 951 1082 1003 Romae
1137 968 1202 1003 ex
1262 953 1446 1003 eadem
1508 955 1783 1005 secretaria
1844 953 1899 1007 S.
1963 954 2395 1027 Congregationis

493 1037 976 1105 Indulgentiarum.

1244 1122 1306 1174 F.
1348 1121 1516 1175 CARD.
1553 1123 1882 1190 AsQUmmS,
1918 1124 2258 1194 Praefectus.

1242 1209 1521 1274 ALOISIUS,
1556 1210 1770 1278 Archip.
1805 1210 2132 1276 Prinzivalli,
2163 1209 2394 1266 Sabatia

637 1293 775 1343 Loco
802 1291 872 1363 ,ια
898 1293 1094 1364 sigilli.

1257 1599 1484 1662 PARS
1541 1600 1627 1661 X.

1194 1762 1691 1818 RESCRIPTA.

491 1899 541 1950 I.
591 1897 671 1951 De
695 1895 1049 1950 celebratione
1073 1900 1289 1949 octavae
1321 1894 1507 1948 saneti
1546 1895 1780 1950 Tho‘mae
1819 1897 2251 1954 Cantuariemis
2272 1919 2393 1956 ‘non

884 1981 1124 2035 obstante
1147 1979 1378 2034 rubrica
1401 1981 1688 2035 Breviarii
1710 1983 2001 2052 recoyniti.

742 2111 842 2155 Dec.
867 2110 1079 2153 Nationis
1107 2110 1399 2166 Arzylioanae,
1425 2110 1508 2155 SS.
1534 2111 1591 2154 D.
1614 2111 1676 2155 N.
1709 2112 1895 2166 Urbani,
1921 2127 2004 2170 pp.
2027 2115 2128 2158 viii.

632 2230 875 2280 Instante
924 2228 1360 2279 Eminentissimo
1401 2233 1456 2279 et
1505 2227 1958 2281 Reverendissimo
2001 2230 2068 2282 D.
2115 2229 2391 2283 cardinale

488 2315 767 2366 Francisco
793 2313 1095 2377 BarberinO,
1109 2313 1341 2364 nationis
1365 2313 1691 2382 Anglicanae
1709 2314 2028 2379 Protectore,
2052 2333 2147 2383 pro
2173 2316 2393 2368 licentia

487 2401 835 2452 continuandi
858 2400 918 2450 in
941 2399 1312 2468 antiquissima
1347 2400 1726 2450 consuetudine
1763 2400 2061 2452 celebrandi
2086 2401 2309 2452 Missam
2332 2405 2388 2452 et

487 2486 746 2537 recitandi
771 2485 1017 2536 Officium
1059 2501 1182 2535 cum
1220 2487 1407 2535 octava
1430 2484 1489 2534 in
1515 2484 1647 2535 festo
1671 2486 1843 2536 sancti
1882 2485 2113 2536 Thomae
2139 2485 2393 2537 Cautum·-

487 2573 664 2635 iensiS,
682 2572 909 2622 cadente
933 2571 993 2621 in
1017 2571 1106 2621 die
1136 2571 1205 2621 29
1238 2569 1560 2633 DecembriS,
1584 2569 1644 2619 in
1669 2570 1902 2622 ecclesiis
1939 2571 2116 2622 dictae
2139 2571 2389 2634 nationis,

487 2674 593 2708 non
632 2658 872 2708 obstante
914 2656 1299 2724 impedimento
1341 2654 1566 2705 aliorum
1610 2655 1906 2719 Festorum,
1951 2659 2008 2707 et
2045 2656 2391 2723 dispositione

488 2742 746 2793 contraria
793 2741 1119 2792 rubricarum
1167 2738 1422 2790 Breviarii
1470 2738 1701 2790 Romani
1750 2740 2068 2791 auctoritate
2116 2739 2171 2791 S.
2215 2739 2282 2790 D.
2318 2739 2387 2790 N.

489 2828 765 2896 recogniti.

632 2912 788 2963 Sacra
830 2911 1059 2962 Bituum
1103 2908 1455 2979 Congregatio
1498 2910 1722 2972 censuit,
1765 2909 1811 2960 si
1856 2909 2200 2961 Sanctissimo
2241 2910 2389 2961 vide-

483 2999 647 3061 bitur,
678 2999 852 3065 petita
889 3014 1039 3064 posse
1071 2996 1289 3047 concedi
1330 3011 1424 3062 pro
1466 2995 1776 3062 Anglicanis
1806 2999 1863 3046 et
1899 2994 2285 3046 confluentibus
2318 2995 2388 3045 ad

484 3101 666 3135 eorum
708 3083 951 3134 ecclesias
989 3082 1048 3131 in
1090 3081 1206 3148 ipsa
1243 3081 1330 3131 die
1373 3079 1520 3130 Festi
1546 3084 1602 3130 et
1626 3083 1841 3131 octavae
1866 3080 2166 3130 dumtaxat.
2239 3078 2387 3129 Infra

484 3190 606 3223 vero
632 3177 876 3222 octavam
899 3171 1020 3222 aliis
1044 3170 1219 3220 Festis
1243 3168 1564 3236 impeditam
1589 3169 1889 3219 faciendam
1909 3185 2019 3220 esse
2043 3185 2386 3221 commemor-

483 3258 721 3309 ationem
763 3261 979 3308 octavae
1003 3255 1165 3323 juxta
1201 3254 1433 3305 rubricas
1476 3254 1610 3304 dicti
1649 3253 1923 3305 Breviarii.
1996 3253 2072 3304 Et
2113 3253 2255 3303 facta
2294 3269 2386 3320 per

486 3343 821 3393 secretarium
859 3340 1256 3407 infrascriptum
1294 3339 1547 3390 relatione
1591 3337 1950 3400 SanctissimO,
1987 3336 2252 3387 Sanctitas
2277 3336 2384 3388 Sua

484 3444 656 3478 sacrae
700 3425 1132 3496 Congregationis
1174 3422 1494 3474 sententiam
1547 3421 1875 3489 approbavit,
1936 3420 2025 3472 die
2067 3422 2136 3471 23
2179 3419 2406 3482 Martii,

490 3513 642 3563 1641·
1272 3590 1330 3645 C.
1358 3592 1648 3660 Episcopus
1674 3590 1930 3643 Ostiensis
1956 3588 2126 3641 GARD.
2153 3587 2307 3639 PIUS.

1438 3676 1474 3728 J
1475 3688 1642 3728 Unus
1669 3674 1922 3738 Omoms,
1947 3670 2304 3726 secretarius.

630 3763 868 3836 L.›1‹s.
