2534 4374
378 440 465 499 98
940 455 1099 498 CONO.
1143 455 1308 498 PRov.
1355 455 1574 498 wnsm.
1618 456 1682 498 11.

735 1115 1260 1189 CONCILII
1348 1113 1908 1196 DECRETA.

1075 1533 1478 1586 DECRETUM
1521 1535 1567 1589 Ι.
1637 1587 1640 1591 ,

992 1663 1073 1717 De
1111 1663 1336 1735 Sunodo
1372 1665 1648 1738 mcoepta.

1050 1919 1454 1973 DECRETUM
1514 1922 1590 1974 ΙΙ.

403 2065 486 2120 De
532 2064 902 2119 Immaculato
955 2064 1319 2120 Beatissimae
1378 2066 1635 2137 Viryinis
1685 2068 1907 2123 Mariae
1957 2069 2238 2142 Conceptu

566 2155 869 2226 doymatice
893 2175 930 2210 a
955 2156 1322 2212 Sanctissimo
1346 2159 1593 2214 Dom‘z'sno
1617 2161 1814 2215 Nostro
1840 2162 2086 2232 definito.

515 2302 857 2353 Felieissimis
907 2319 1028 2353 sane
1078 2304 1176 2355 sub
1224 2304 1476 2372 auspiciis
1523 2304 1660 2356 hanc
1715 2310 1950 2357 nostram
2000 2306 2274 2376 Synodum

368 2393 713 2440 convocatam
738 2387 1145 2455 inchoatamque
1169 2388 1290 2455 jure
1327 2406 1535 2440 censere
1568 2390 1837 2454 debemuS‚
1878 2408 2013 2459 quae
2054 2392 2274 2460 dogma-

375 2476 537 2524 ticam
579 2473 945 2523 definitionem
994 2473 1381 2524 Immaculatae
1420 2473 1522 2524 Dei
1565 2474 1855 2526 Genitricis
1899 2475 2271 2544 Conceptionis

374 2567 485 2611 tam
527 2577 685 2627 prope
729 2560 983 2626 sequitur,
1025 2563 1089 2608 ut
1132 2559 1321 2609 merito
1365 2559 1531 2627 ipsius
1574 2561 1868 2627 patrocinio
1908 2563 2273 2613 commendare

374 2645 630 2713 possimus
655 2644 917 2711 quidquid
940 2661 973 2694 a
995 2644 1147 2695 nobis
1172 2644 1355 2695 actum
1379 2645 1850 2712 pronuntiatumve
1874 2646 2051 2697 fuerit.

519 2731 633 2791 Qua
680 2730 745 2780 de
792 2747 866 2793 re,
914 2729 959 2780 si
1007 2730 1364 2796 omnipotenti
1418 2729 1531 2781 Deo
1585 2731 1783 2798 gratias
1830 2731 2009 2798 palam
2045 2733 2272 2802 agendas

370 2835 482 2869 esse
514 2817 632 2884 jam
674 2815 990 2878 curavimus,
1034 2819 1187 2866 tanto
1229 2816 1401 2884 magis
1444 2815 1532 2865 hic
1578 2816 1800 2866 adunati
1835 2816 2140 2868 solemniore
2163 2818 2273 2868 ritu

374 2902 680 2971 repetendas
704 2902 972 2965 duximuS‚
996 2903 1076 2952 ita
1100 2906 1163 2952 ut
1186 2901 1246 2953 in
1278 2902 1395 2969 ipso
1437 2902 1603 2952 nostri
1647 2903 1815 2969 operis
1858 2903 2044 2954 limine
2084 2920 2272 2956 manus

372 3007 436 3039 ac
496 2987 672 3039 oculos
730 2987 790 3037 in
848 2986 1023 3037 Deum
1084 2986 1253 3037 totius
1314 2986 1686 3037 consolationis
1745 2989 2099 3052 intendentes,
2159 2990 2272 3057 Ipsi

374 3078 546 3143 grates
580 3089 674 3140 pro
714 3075 867 3123 tanto
909 3069 1166 3122 beneficio
1219 3072 1586 3138 rependamUS,
1638 3072 1874 3140 Ejusque
1927 3073 2268 3141 imploremus

371 3155 729 3217 clementiam,
775 3157 841 3204 ut
888 3153 956 3204 ab
1003 3153 1373 3220 ingruentibus
1421 3153 1576 3203 malis
1624 3153 1917 3205 Ecclesiam
1964 3158 2021 3205 et
2074 3156 2269 3219 orbem,

376 3241 721 3290 Dulcissimae
744 3239 981 3308 Virginis
1004 3238 1209 3289 Mariae
1233 3238 1442 3288 intuitu
1465 3237 1672 3301 liberet,
1695 3242 1751 3289 et
1775 3244 2086 3306 praeservet.

520 3323 623 3375 Sed
682 3325 914 3374 maxime
973 3339 1201 3390 aequum
1261 3323 1457 3390 pariter
1516 3322 1743 3385 videtur,
1798 3328 1862 3373 ut
1923 3323 2269 3376 Sanctissimo

375 3409 606 3459 Domino
630 3408 820 3458 Nostro
845 3408 944 3458 Pio
974 3407 1126 3459 Nono
1163 3407 1303 3476 grati
1338 3407 1505 3456 nostri
1542 3407 1710 3456 animi
1748 3424 1925 3459 sensus
1961 3410 2271 3476 pandamuS‚

379 3512 441 3545 eo
482 3493 623 3560 quod
660 3493 855 3544 divinis
894 3493 1081 3542 cedens
1122 3491 1456 3558 impulsibuS‚
1482 3490 1822 3558 coelestisque
1859 3493 2078 3545 luminis
2113 3495 2272 3545 radiis

376 3579 683 3646 obsequenS‚
723 3578 858 3627 hanc
900 3575 1239 3644 magnificam
1288 3575 1653 3627 definitionem
1699 3577 1945 3643 gaudens.
1974 3578 2270 3645 protulerit,

381 3679 631 3730 suamque
655 3663 920 3712 laetitiam
944 3679 1037 3729 per
1071 3666 1250 3712 totum
1287 3661 1549 3710 mundum
1590 3661 1896 3727 profuderit.
1970 3662 2082 3713 Nec
2108 3663 2268 3713 satis:

378 3757 468 3806 sed
493 3755 664 3805 voluit
689 3755 853 3804 etiam
878 3758 942 3804 ut
967 3770 1144 3805 secum
1169 3753 1504 3820 quamplures
1537 3757 1775 3804 nostrum
1811 3753 2117 3822 gauderent,
2142 3774 2271 3823 quos
