2534 4374
417 441 500 497 54
991 459 1150 506 conc.
1195 458 1367 502 Pnov.
1412 458 1635 501 wns‘rM.
1679 458 1720 500 1.

552 605 693 656 Item
735 603 1000 672 probanda
1040 606 1152 655 visa
1188 608 1269 656 est
1309 604 1588 654 methodus
1624 602 1892 670 proposita
1925 619 2019 672 pro
2043 603 2301 673 eligendis

405 691 673 741 canonicis
697 690 825 740 adeo
850 693 914 739 ut
937 688 1109 755 prima
1133 689 1248 739 vice
1272 705 1467 751 omnes,
1493 686 1880 755 comprehensis
1897 704 2106 757 quoque
2124 689 2302 758 digni·-

411 775 628 837 tatibus,
652 792 742 841 per
766 775 1050 842 Episcopos
1075 773 1234 824 libere
1258 765 1524 842 eligantur
1540 772 1701 840 juxta
1724 771 1881 823 breve
1898 771 2298 840 'Apostolicumz

410 859 470 909 in
509 862 774 926 posterum
816 874 952 920 vere,
995 857 1264 908 observata
1305 856 1570 907 mensium
1613 856 1959 908 distinctione
1983 857 2119 907 circa
2143 857 2301 908 colla-

411 945 611 994 tionem
636 941 689 993 S.
710 941 858 993 Sedis
881 942 1128 1010 rescripto
1151 942 1520 1010 peragendam,
1543 941 1602 990 in
1623 940 1840 1008 reliquis
1862 940 2077 993 alternis
2100 941 2301 993 vicibus

410 1027 701 1078 nominatio
739 1026 852 1089 fiat,
876 1027 961 1077 vel
1002 1026 1161 1077 libere
1196 1043 1288 1094 per
1314 1025 1639 1093 Episcopum
1662 1025 1746 1076 vel
1769 1042 1862 1093 per
1887 1023 2215 1092 Capitulum,
2239 1043 2302 1077 ea

411 1117 589 1163 tamen
610 1111 812 1161 ratione
834 1115 899 1161 ut
933 1114 1037 1161 tres
1063 1111 1402 1162 ecclesiastici
1437 1112 1538 1162 viri
1575 1111 1752 1175 semel,
1778 1112 1989 1175 iterum,
2014 1111 2097 1163 vel
2122 1112 2302 1174 terti0,

412 1196 669 1262 Episcopo
692 1194 1051 1258 exhibeantur,
1074 1199 1138 1245 ut
1162 1195 1399 1259 idoneUS,
1422 1199 1479 1246 et
1512 1196 1864 1264 undequaque
1905 1196 2302 1247 commendatus

405 1281 479 1331 ab
502 1280 683 1331 eodem
707 1280 987 1331 canonicus
1010 1279 1359 1341 instituatur-3
1407 1279 1563 1331 aliter
1584 1281 1775 1332 electio
1798 1281 1959 1332 libere
1983 1281 2052 1331 ad
2083 1279 2303 1348 Episco-

409 1381 542 1434 pum
564 1365 842 1432 pertineat.

553 1448 766 1499 Placuit
790 1449 954 1499 etiam
971 1446 1424 1499 Eminentissimis
1442 1448 1689 1501 Patribus
1712 1450 2000 1517 propositio
2014 1447 2303 1517 Episcopo-

411 1550 530 1585 rum
552 1537 618 1583 ut
641 1532 874 1600 dignitas
898 1533 954 1583 in
973 1532 1192 1583 Litteris
1210 1532 1527 1600 Apostolicis
1545 1551 1638 1602 pro
1663 1534 1887 1603 singulis
1903 1533 2302 1586 cathedralibus

410 1616 674 1686 vCapitulis
698 1617 904 1667 decreta
926 1616 1090 1668 titulo
1113 1615 1434 1686 Praepositi
1461 1619 1839 1688 distinguatur.

555 1701 925 1754 Constituendi
958 1702 1154 1769 pariter
1177 1706 1332 1753 erunt
1366 1704 1607 1755 canonici
1643 1705 1918 1774 theologus
1945 1721 2008 1756 ac
2029 1704 2304 1772 poeniten-

408 1787 617 1851 tiarius,
642 1787 735 1854 qui
759 1787 930 1854 prima
965 1787 1063 1837 hac
1087 1788 1200 1838 vice
1223 1787 1418 1855 absque
1442 1805 1695 1840 concursu
1719 1789 1787 1841 ab
1809 1789 2086 1857 Episcopis
2108 1790 2302 1857 pariter

414 1873 709 1941 eligantur3
751 1872 939 1923 deinde
963 1889 1083 1924 vero
1118 1873 1186 1924 ad
1228 1874 1469 1925 tramites
1504 1891 1765 1926 sacrorum
1788 1891 2085 1926 canonum:
2121 1875 2303 1942 poeni-

414 1957 692 2008 tentiarius
715 1960 896 2007 autem
921 1957 1093 2024 quoad
1110 1957 1224 2009 fieri
1247 1962 1425 2024 potest
1447 1975 1607 2026 penes
1626 1957 1990 2011 cathedralem
2008 1958 2301 2011 Ecclesiam

412 2045 643 2092 moretur
686 2042 746 2092 in
790 2042 1028 2108 proxima
1073 2058 1192 2093 vero
1241 2041 1451 2111 Synodo
1497 2047 1688 2113 agatur
1734 2044 1803 2094 de
1847 2043 2166 2095 lectionibus
2210 2060 2303 2111 per

407 2125 724 2176 canonicum
782 2125 1089 2195 theologum
1147 2125 1402 2178 habendis
1460 2127 1530 2177 ad
1588 2128 1829 2179 tramites
1893 2129 2302 2197 dispositionum

413 2211 778 2260 canonicarum
818 2210 1001 2262 habito
1041 2214 1222 2263 tamen
1261 2215 1502 2280 respectu
1537 2212 1606 2264 ad
1641 2216 1943 2280 temporum
1965 2213 2302 2283 locorumque

411 2295 848 2346 circumstantias·

557 2378 793 2447 Cumque
840 2380 1054 2431 demum
1095 2396 1386 2450 congruum
1427 2381 1715 2433 admodum
1756 2383 1968 2446 existat,
2009 2386 2073 2434 ut
2108 2385 2203 2451 qui
2242 2384 2302 2436 in

415 2465 679 2529 Ecclesiae
703 2468 961 2528 senatum,
985 2465 1306 2517 consiliarios
1335 2465 1589 2535 Episcopi
1614 2484 1676 2518 ac
1699 2468 2006 2536 praecipuos
2038 2468 2302 2536 adjutores

415 2550 649 2617 ejusdem
705 2566 799 2616 pro
845 2550 1303 2602 administratione
1362 2552 1653 2603 dioeceseos
1711 2557 2067 2616 assumuntur,
2113 2553 2303 2606 habitu

409 2650 624 2701 quoque
663 2634 842 2701 aliqua
881 2634 1082 2685 ratione
1124 2635 1540 2705 distinguantur,
1570 2638 1800 2691 admissa
1835 2639 1942 2690 fuit
1979 2639 2302 2693 Antistitum

415 2718 607 2786 petitio
653 2721 717 2769 ut
763 2718 1018 2781 canonici,
1064 2719 1212 2770 nulla
1271 2721 1412 2772 facta
1470 2722 1811 2774 distinctione
1869 2723 2159 2775 dioeceseos
2204 2728 2302 2776 aut

413 2803 623 2871 graduS,
647 2816 801 2869 supra
841 2803 1275 2870 superpelliceum
1309 2811 1579 2858 assumant
1615 2811 1903 2858 mozzetam
1925 2808 2066 2877 nigri
2098 2808 2301 2872 coloris,

414 2904 521 2938 non
543 2890 721 2937 tamen
739 2887 970 2951 sericam,
979 2889 1138 2956 juxta
1161 2890 1380 2941 formam
1395 2891 1462 2942 ab
1481 2891 1914 2944 Eminentissimo
1932 2909 1993 2943 ac
2007 2892 2300 2949 Reverend-

414 2972 594 3023 issimo
611 2969 1010 3038 Archiepiscopo
1033 2972 1579 3027 Westmonasteriensi
1603 2977 2000 3045 designandam.

558 3054 890 3106 Sententiam
914 3055 968 3107 S.
990 3055 1046 3108 G.
1067 3057 1407 3111 Sanctissimo
1430 3059 1658 3112 Domino
1681 3061 1873 3112 Nostro
1897 3061 1996 3112 Pio
2015 3061 2191 3128 Papae
2213 3060 2300 3119 IX

410 3141 484 3193 ab
520 3141 848 3208 infrascripto
889 3143 1160 3194 secretario
1201 3144 1420 3195 relatam
1460 3146 1520 3195 in
1558 3146 1831 3196 audientia
1865 3146 1974 3196 diei
2016 3146 2048 3197 6
2084 3146 2299 3214 Aprilis,

413 3223 681 3284 ,Sanctitas
719 3223 825 3276 Sua
865 3225 1090 3295 benigne
1131 3229 1391 3295 probavit,
1432 3231 1740 3297 opportunis
1787 3229 2130 3281 facultatibus
2176 3247 2301 3282 con-

412 3309 587 3372 cessiS,
606 3310 946 3378 eamdemque
964 3313 1151 3363 servari
1174 3315 1457 3381 praecepit,
1475 3316 1747 3367 contrariis
1770 3315 2170 3384 quibuscunque
2192 3330 2298 3367 non

414 3393 763 3444 obstantibus.

559 3473 775 3540 Datum,
799 3477 919 3538 etc„
944 3477 1008 3526 21
1038 3475 1249 3545 Aprilis,
1277 3479 1431 3530 1852.

1450 3562 1536 3615 Al.
1574 3562 1853 3628 BARNABo,
1888 3561 2243 3617 Secretarius.
