2534 4374
971 566 1045 611 co
1054 565 1347 609 NSPEOTUS
1401 564 1626 608 RERUM.
2141 542 2251 606 vii.

2102 704 2253 731 AAAAA

391 759 607 814 XVIII.
644 758 726 811 De
745 759 922 811 Festis
947 756 1041 811 SS.
1062 758 1413 811 Patronorum
1439 759 1811 813 transferendis
1902 796 1919 814 .
2067 801 2078 812 .
2192 764 2260 814 70

450 846 608 897 XIX.
647 844 1024 914 Indulgentiae
1049 844 1107 895 in
1134 844 1308 896 Festis
1335 844 1388 896 S.
1415 844 1634 914 Georgii
1661 852 1717 897 et
1742 846 1798 898 S.
1825 846 2042 898 Patritii
2065 886 2077 898 .
2191 850 2259 900 70

480 931 605 982 XX.
643 931 723 983 De
748 930 907 982 Festo
934 929 988 983 S.
1010 930 1230 981 Patritii
1251 930 1348 982 sub
1363 930 1498 982 Ritu
1516 930 1736 999 Duplici
1755 931 2080 984 celebrando.
2193 934 2255 984 71

453 1016 610 1069 ΧΧΙ.
649 1016 900 1068 Facultas
926 1016 1164 1084 erigendi
1195 1013 1685 1068 confraternitate&
1834 1055 1849 1069 .
2067 1056 2082 1070 .
2193 1019 2222 1069 7
2229 1021 2260 1068 2

423 1102 609 1154 XXII.
647 1102 726 1153 De
750 1101 1206 1154 Missionariorum
1233 1101 1581 1171 Regularium
1608 1102 1951 1155 Remotione.
2065 1142 2079 1155 .
2192 1103 2259 1155 72

394 1189 612 1242 XXIII.
652 1187 929 1240 Concessio
980 1187 1120 1238 Usus
1158 1186 1562 1239 Pontificalium
1601 1193 1749 1240 extra
1806 1189 2081 1258 Propriam

718 1274 1032 1326 Dioecesim.
1181 1312 1195 1325 .
2194 1276 2263 1327 73

405 1362 611 1415 XXIV.
649 1361 730 1413 De
745 1358 954 1412 Habitu
971 1359 1311 1413 Canonicali
1295 1378 1354 1412 1n
1369 1360 1608 1413 Ecclesia
1626 1361 1843 1430 Propria
1858 1361 2086 1430 gerenda
2196 1362 2263 1412 74

490 1472 637 1524 PARS
674 1471 752 1522 II.
802 1470 1137 1523 Documenta
1161 1471 1229 1522 ad
1255 1469 1529 1540 Synodum
1554 1472 1898 1539 pertinentia,
1918 1472 2043 1522 sed
2027 1489 2086 1523 1n

718 1573 781 1608 ea
803 1572 911 1608 non
935 1555 1182 1625 allegata.

563 1644 611 1695 I.
648 1643 887 1694 Litterae
922 1642 1261 1711 Apostolicae
1296 1658 1392 1712 pro
1435 1642 1765 1694 restituenda
1799 1643 1855 1692 in
1893 1643 2088 1713 Anglia

721 1728 1033 1780 Hierarchia
1095 1764 1111 1782 .
1257 1763 1274 1781 .
2071 1766 2085 1779 .
2197 1729 2264 1779 75

536 1816 614 1868 II.
655 1813 929 1867 Concessio
956 1812 1466 1882 Indulgentiarum
1450 1830 1508 1863 1n
1534 1812 1710 1865 Festis
1738 1813 1796 1865 Β.
1826 1812 1903 1865 Μ.
1909 1766 1997 1865 V.
2073 1850 2086 1863 .
2198 1816 2267 1863 83

506 1901 615 1953 ΙΙΙ.
654 1899 961 1968 Assignatio
986 1899 1327 1967 Antiphonae
1353 1898 1642 1951 Peculiaris
1669 1899 1723 1951 S.
1750 1899 1981 1968 Georgio
2005 1898 2085 1949 M.
2197 1900 2267 1950 84

491 2011 639 2064 PARS
675 2010 785 2062 III.
823 2010 1102 2079 Rescripta
1146 2007 1494 2063 Sanctissima
1548 2026 1672 2062 cnm
1724 2009 1934 2079 Synodo
1983 2024 2090 2061 non

724 2095 995 2165 colligata.

567 2183 614 2235 I.
652 2182 936 2234 Permissio
962 2182 1175 2252 legendi
1199 2182 1423 2234 Missam
1449 2179 1515 2234 de
1539 2180 1852 2252 Requie'm'
1836 2199 1895 2233 1n
1916 2180 2091 2232 Festis

724 2268 1044 2336 Duplicibus
1101 2305 1116 2320 .
1264 2306 1279 2321 .
1587 2306 1604 2323 .
2075 2305 2089 2319 .
2200 2269 2267 2317 85

547 2355 625 2408 II.
661 2354 742 2406 De
766 2355 933 2405 Missa
952 2371 1063 2423 pro
1082 2352 1344 2423 populo
1328 2371 1386 2404 1n
1412 2354 1588 2406 Festis
1613 2354 1930 2423 applicanda
2077 2391 2090 2404 .
2202 2352 2269 2403 86

512 2443 622 2496 III.
662 2440 1007 2494 Confirmatio
1027 2439 1162 2493 Octo
1183 2439 1651 2510 Indulgentiarum
1677 2439 1910 2491 Statutis
1935 2440 2094 2491 Tem-

722 2526 952 2595 poribuS.
2077 2562 2090 2575 .
2203 2526 2272 2574 90

526 2614 622 2667 IV.
658 2612 740 2664 De
764 2611 941 2663 Festis
969 2610 1022 2663 S.
1049 2610 1293 2680 Gregorii
1318 2611 1509 2679 Magni
1536 2616 1592 2662 et
1619 2610 1672 2662 S.
1699 2609 1874 2662 Bedae
1901 2608 1959 2662 C.
2077 2646 2091 2661 .
2205 2611 2266 2660 91

560 2699 628 2751 V.
666 2697 958 2749 Instructio
976 2697 1043 2748 de
1060 2696 1431 2765 Dependentia
1449 2696 1902 2748 Missionariorum
1918 2694 2097 2765 Regu-

734 2782 929 2834 larium
1105 2819 1124 2836 .
1268 2819 1285 2836 .
1430 2817 1447 2834 .
1591 2816 1609 2835 .
1753 2816 1770 2834 .
1918 2821 1929 2832 .
2081 2817 2094 2830 .
2206 2780 2273 2831 92

1120 2918 1366 2983 ΟΟΝΟ.
1428 2916 1521 2979 H.

356 3065 712 3118 APPROBATIO
769 3101 790 3115 .
1100 3099 1117 3114 .
1262 3098 1281 3112 .
1427 3097 1444 3110 .
1587 3095 1607 3110 .
1752 3094 1772 3108 .
1914 3092 1933 3106 .
2074 3089 2095 3104 .
2204 3047 2274 3101 97

360 3161 697 3214 DECRETA
748 3158 1113 3214 CONCILII:

586 3262 634 3313 Ι.
669 3261 752 3312 De
779 3259 991 3329 Synodo
1015 3258 1265 3326 incoepta
1365 3295 1380 3308 .
2209 3248 2276 3297 98

559 3347 638 3398 II.
674 3346 757 3397 De
805 3346 1032 3397 Immac.
1083 3343 1148 3395 B.
1150 3344 1215 3394 V.
1218 3342 1298 3395 M.
1370 3340 1641 3409 Conceptu
1704 3335 2003 3405 dogmatice
2069 3350 2101 3383 a

764 3429 858 3483 SS.
861 3430 928 3482 D.
930 3430 999 3482 N.
1025 3429 1291 3482 definito.
1437 3463 1454 3478 .
1600 3462 1615 3475 .
1762 3458 1777 3474 .
1924 3457 1940 3470 .
2085 3455 2099 3468 .
2210 3418 2277 3466 98

531 3517 640 3568 III.
676 3517 760 3568 De
783 3515 1045 3568 Methodo
1069 3517 1214 3566 vitae
1366 3549 1383 3564 .
1529 3547 1544 3561 .
1690 3545 1706 3559 .
1852 3541 1869 3555 .
2085 3539 2100 3552 .
2211 3501 2277 3550 99

543 3600 643 3653 IV.
680 3599 760 3650 De
783 3615 889 3651 non
915 3595 1326 3667 praejudicando
1439 3630 1456 3646 .
1601 3626 1618 3642 .
1762 3625 1779 3640 .
1923 3622 1939 3638 .
2086 3621 2100 3634 .
2212 3583 2277 3631 99

578 3684 648 3737 V.
683 3683 766 3735 De
791 3683 1120 3736 Officialibus
1146 3679 1348 3751 Synodi
1364 3716 1381 3731 .
1526 3714 1543 3728 .
1688 3711 1706 3725 .
1846 3707 1867 3722 .
2084 3704 2099 3718 .
2178 3667 2276 3715 100
