2534 4374
431 431 557 491 340
999 449 1158 491 conc,
1203 448 1368 491 PRov.
1412 449 1631 492 wsss'rM.
1678 451 1756 494 1v.

426 594 572 644 enim
599 610 839 661 suprema
862 593 957 643 illa
981 593 1229 660 pascendi
1252 593 1573 660 regendique
1606 594 1835 646 universi
1869 596 2123 648 dominici
2158 600 2348 670 gregis-

426 683 677 746 potestas,
713 695 874 745 quam
910 679 968 728 in
1003 694 1221 744 persona
1257 676 1563 728 Beatissimi
1601 679 1750 730 Petri
1788 697 1820 730 a
1860 679 2066 733 Christo
2103 682 2349 737 Dominor

425 770 739 832 acceperunt
763 765 991 815 Romani
1021 763 1326 826 PontificeS,
1350 781 1412 814 ac
1442 781 1746 832 supremum
1778 767 1901 818 inde
1934 769 2075 834 quod
2105 787 2337 823 exercere

426 851 482 899 in
510 851 746 900 Ecclesia
771 851 963 901 debent
987 850 1374 918 magisterium,
1398 866 1430 900 a
1459 850 1608 901 civili
1646 851 1877 918 pendeat
1916 858 2198 920 potestate,
2236 860 2334 907 aut

425 935 606 1002 aliqua
629 937 830 986 ratione
856 935 1078 986 coerceri
1102 934 1169 985 ab
1193 935 1288 986 illa
1312 936 1478 1003 possit
1501 940 1557 986 et
1581 937 1872 988 coarctari?
1937 938 2082 999 Quae
2107 957 2230 991 cum
2253 941 2332 992 ita

427 1021 553 1082 sint,
577 1037 644 1070 ne
668 1022 844 1071 minus
869 1022 1016 1071 cauti
1041 1022 1300 1083 homines,
1316 1022 1644 1090 juvenesque
1675 1022 1735 1072 in
1766 1024 1950 1090 primis
1982 1025 2350 1093 decipiantur,.

426 1123 486 1155 ac
523 1122 590 1155 ne
625 1123 688 1155 ex
720 1106 913 1157 Nostro
950 1106 1163 1157 silentio
1191 1107 1371 1174 aliqua
1394 1107 1584 1157 tuendi
1607 1109 1788 1158 erroris
1812 1109 2091 1176 arripiatur
2115 1112 2352 1174 occasi0,.

427 1190 785 1257 Apostolicam
831 1191 1072 1243 attollere
1119 1209 1299 1243 vocem
1343 1193 1686 1255 decrevimuS,
1719 1193 2054 1245 Venerabiles
2093 1194 2332 1255 Fratres;

426 1281 587 1342 atque
611 1276 699 1326 hic
724 1277 782 1326 in
805 1293 1048 1328 consessu
1076 1277 1262 1328 Vestro
1297 1281 1612 1328 memoratas
1637 1277 2094 1329 Praedecessorum
2117 1279 2170 1330 N
2172 1283 2352 1330 ostro-⁷⁴

425 1378 544 1410 rum
589 1360 1005 1414 Constitutiones
1048 1363 1435 1426 confirmanteS,
1478 1362 1547 1413 M
1544 1361 1860 1415 assonicam
1901 1363 2053 1414 illam
2100 1363 2342 1432 aliasque

427 1446 661 1513 ejusdem
703 1448 907 1516 generis
951 1447 1242 1500 Societates
1284 1466 1417 1516 quae
1461 1449 1632 1516 specie
1671 1452 1824 1499 tenus
1861 1448 2093 1500 diversae
2128 1449 2186 1499 in
2222 1449 2352 1500 dies-

427 1527 744 1592 coalescunt,
787 1547 1026 1598 quaeque
1069 1534 1251 1581 contra
1293 1530 1588 1581 Ecclesiam
1621 1530 1706 1580 vel
1742 1530 2011 1597 legitimas
2046 1534 2351 1598 potestates--

428 1630 519 1663 seu
566 1614 764 1681 palam,
813 1631 905 1664 seu
959 1614 1284 1666 clandestine
1341 1615 1712 1665 machinentur
1769 1615 2087 1665 auctoritate
2143 1614 2334 1666 Nostra

426 1698 729 1766 Apostolica
785 1700 1121 1767 reprobamus
1178 1704 1234 1750 et
1287 1700 1715 1763 condemnamUS,
1764 1704 1927 1767 atque
1974 1699 2042 1749 ab
2090 1699 2334 1751 omnibus

429 1783 870 1836 Christifidelibus
895 1786 1274 1853 cujuscumque
1307 1785 1626 1835 conditionis
1651 1785 1842 1854 gradus
1867 1802 1928 1835 ac
1954 1785 2254 1852 dignitatiS,
2279 1790 2334 1835 et

428 1869 748 1937 ubicumque
806 1874 1061 1922 terrarum
1117 1871 1243 1935 sint,
1293 1874 1568 1937 tamquam
1621 1886 1711 1937 per
1758 1870 1868 1920 Nos
1916 1871 2232 1938 proscriptas
2279 1874 2334 1920 et

427 1955 726 2022 reprobatas
745 1955 923 2007 haberi
947 1955 1189 2007 volumus
1213 1956 1311 2007 sub
1335 1956 1525 2006 iisdem
1549 1956 1749 2023 poenis,
1777 1972 1911 2023 quae
1942 1955 2002 2005 in
2029 1956 2349 2005 memoratis-

429 2039 888 2091 Praedecessorum
912 2040 1224 2092 Nostrorum
1250 2040 1732 2092 Constitutionibus
1756 2041 2110 2091 continentur.
2157 2039 2211 2090 N
2211 2057 2349 2102 unc,

429 2127 570 2193 quod
602 2126 867 2194 reliquum
901 2130 999 2188 est,
1023 2143 1117 2194 pro
1145 2127 1352 2193 paterni
1376 2127 1545 2176 animi
1571 2125 1752 2176 Nostri
1778 2125 1954 2176 studio
1978 2141 2254 2175 monemus
2279 2129 2334 2176 et

429 2212 721 2262 excitamus
745 2212 939 2275 fideleS‚
964 2212 1058 2279 qui
1093 2211 1226 2262 forte
1263 2211 1522 2278 ejusmodi
1563 2211 1719 2261 sectis
1754 2227 1948 2261 nomen
1987 2210 2246 2272 dederint,
2269 2213 2334 2260 ut

430 2296 499 2346 ad
524 2297 725 2347 saniora
750 2313 804 2347 se
827 2296 1045 2346 consilia
1068 2295 1346 2363 recipiant,
1372 2295 1711 2362 funestosque
1743 2295 1862 2345 illos
1901 2298 2080 2345 coetus
2117 2298 2172 2344 et
2212 2311 2351 2344 con--

430 2380 698 2431 venticula
735 2381 991 2444 deserant,
1026 2397 1092 2431 ne
1133 2381 1192 2431 in
1235 2381 1586 2447 sempiternae
1627 2379 1812 2431 ruinae
1854 2380 2121 2430 baratrum
2163 2379 2350 2446 prola*

430 2466 654 2527 bantur3
696 2465 922 2532 reliquos
962 2483 1080 2516 vero
1118 2465 1296 2517 fideles
1335 2482 1533 2528 omneS,
1569 2482 1662 2532 pro
1701 2465 1930 2516 sollicita
1954 2481 2060 2531 qua
2083 2481 2350 2532 urgemur--

430 2552 728 2602 animarum
768 2568 910 2614 cura,
949 2551 1296 2601 vehementer·
1317 2549 1606 2612 hortamur,
1637 2555 1700 2601 ut
1725 2568 1757 2601 a
1781 2550 1971 2601 dolosis
1996 2550 2333 2601 sectariorum

431 2638 586 2688 labiis
635 2642 871 2702 caveant,
920 2638 1014 2705 qui
1061 2636 1351 2704 quamdum
1399 2634 1607 2686 honesti
1657 2636 1884 2702 speciem
1932 2635 2332 2703 praeseferentes

432 2727 613 2773 contra
654 2722 848 2774 Christi
886 2723 1197 2795 religionem
1237 2725 1292 2772 et
1330 2720 1598 2788 legitimos
1636 2721 1966 2787 principatus
1999 2719 2331 2770 inflammato

432 2809 552 2859 odio
576 2808 831 2869 feruntur,
849 2807 1009 2874 idque
1031 2823 1201 2857 unum
1226 2809 1467 2872 spectant
1490 2810 1650 2872 atque
1674 2809 1860 2874 agunt,
1878 2809 1942 2855 ut
1950 2805 2076 2872 jura
2094 2820 2347 2871 quaeque

429 2898 547 2945 tam
570 2893 752 2945 divina
781 2909 942 2959 quam
973 2892 1204 2942 humana
1227 2890 1583 2958 pessumdent.
1655 2889 1707 2940 N
1709 2890 1930 2952 overint‚
1955 2889 2048 2940 hos
2073 2891 2331 2940 sectarum

431 2978 666 3048 gregales
707 2983 981 3044 tamquam
1022 2976 1175 3043 lupos
1218 2992 1342 3038 esse,
1386 2992 1515 3041 quos
1557 2975 1736 3025 ovium
1779 2974 1916 3039 pelle
1959 2978 2224 3025 contectos
2262 2975 2331 3024 ad

432 3063 658 3114 exitium
691 3062 865 3131 gregis
900 3065 1144 3112 venturos
1179 3060 1443 3127 praedixit
1482 3057 1719 3109 Christus
1756 3058 2066 3119 Dominus,
2089 3059 2346 3109 noverint.

432 3150 491 3199 in
514 3165 692 3199 eorum
715 3164 931 3197 numero
955 3163 1062 3197 esse
1087 3145 1349 3195 habendos
1374 3161 1405 3194 a
1429 3161 1651 3211 quorum
1676 3145 2074 3206 consuetudine,
2093 3160 2331 3212 congres-

432 3250 595 3301 suque
636 3233 710 3283 sic
751 3231 918 3282 Nobis
958 3229 1237 3281 interdixit
1278 3228 1578 3296 Apostolus,
1619 3232 1683 3278 ut
1724 3244 1821 3278 nec
1863 3245 1959 3278 ave
1999 3228 2108 3279 illis
2157 3229 2343 3279 dicere*

432 3320 625 3369 diserte
662 3316 999 3383 praeceperit.
1074 3314 1234 3364 Faxit
1272 3317 1510 3364 nostrum
1543 3314 1782 3363 omnium
1813 3313 2056 3379 precibus
2089 3317 2341 3364 exoratus-

432 3404 576 3454 dives
611 3403 670 3452 in
706 3400 1058 3451 misericordia
1104 3399 1264 3462 Dent-3
1301 3402 1366 3448 ut
1413 3396 1706 3447 auxiliante
1753 3399 1925 3465 gratia
1973 3414 2065 3447 sua
2111 3398 2327 3447 redeant

432 3487 743 3554 insipientes
785 3485 853 3536 ad
895 3501 998 3547 cor,
1040 3470 1369 3549 errantesque
1411 3482 1469 3532 in
1512 3483 1655 3532 viam
1688 3482 1936 3549 justitiae
1978 3482 2292 3532 reducantur
2311 3501 2334 3542 3v

433 3573 570 3624 faxit
601 3576 666 3621 ut
697 3587 984 3638 compresso
1019 3570 1346 3637 perditorum
1378 3568 1652 3618 hominum
1685 3566 1874 3628 furore,
1909 3566 2001 3632 qui
2038 3583 2131 3632 per
2172 3583 2327 3632 supra

433 3660 747 3709 memoratos
784 3659 963 3707 coetus
1002 3655 1188 3722 impia,
1226 3670 1288 3704 ac
1326 3653 1524 3703 nefaria
1561 3651 1870 3713 moliuntur,
1905 3667 1938 3701 a
1969 3655 2083 3701 tam
2121 3651 2337 3708 multis*

2528 648 2534 658 ..
2527 580 2534 611 Α,
2528 539 2534 559 ff.
2522 460 2534 523 um-
2511 385 2534 448 huj-a
2517 330 2519 334 “
2523 282 2525 287 -
2516 254 2517 258 ⁴
2512 133 2528 159 'ss‘
2516 0 2534 18 'i
