2534 4374
780 431 856 471 DE
899 430 1107 473 rrruto
1151 430 1582 474 oiszA'rmms,
2003 413 2127 476 383

365 579 524 631 VIII.
577 578 699 630 Non
725 594 871 628 secus
897 593 958 627 ac
995 576 1215 627 Alumni
1256 575 1611 646 Collegiorum
1650 578 2064 647 pontificiorum,
2090 580 2130 629 ii

214 682 402 718 omnes
452 665 546 732 qui
596 662 761 714 titulo
822 662 1094 712 Missionis
1156 662 1293 713 inter
1355 680 1520 713 sacros
1581 664 1850 713 ministros
1899 666 2131 731 cooptari

215 750 467 819 cupiunt,
504 752 753 800 tenentur
792 748 937 815 prius
972 747 1341 814 juramentum
1386 748 1646 810 emittere,
1690 764 1794 815 quo
1845 749 2135 816 spondeant

223 836 462 887 missioni
487 835 577 886 cui
602 833 857 886 destinati
883 838 1008 883 sunt
1041 833 1125 884 vel
1162 833 1587 896 destinabuntur,
1613 849 1666 884 se
1691 833 1797 883 fore
1822 839 2132 901 perpetuam

223 938 437 989 operam
461 921 707 979 daturos3
752 918 894 986 quod
919 917 1136 985 quidem
1163 919 1230 968 ab
1267 920 1333 969 iis
1371 920 1462 985 qui
1490 918 1586 968 hoc
1613 918 1776 968 titulo
1803 919 1903 968 frui
1931 918 2135 980 volunt,

227 1007 279 1058 S.
307 1006 467 1058 Sedes
491 1009 556 1056 ut
580 1003 918 1066 Missionum,
953 1019 1177 1070 quarum
1216 1004 1517 1071 sumptibus
1553 1003 1637 1053 illi
1662 1004 1895 1066 aluntur,
1922 1004 2136 1054 servitio

223 1088 537 1152 consuleret,
586 1087 795 1155 exigere
844 1090 1148 1136 constanter
1197 1087 1488 1137 consuevit.
1590 1087 1734 1137 Huic
1786 1086 2135 1137 Instructioni

227 1174 558 1224 subnectitur
583 1171 777 1223 Forma
802 1171 958 1222 istius
974 1171 1271 1239 juramenti
1282 1172 1607 1240 jampridem
1626 1173 1913 1240 approbata
1934 1189 2138 1239 usuque

225 1263 453 1326 recepta,
490 1274 711 1325 eamque
748 1256 816 1308 ab
855 1256 1102 1307 omnibus
1140 1258 1500 1324 usurpandam
1540 1275 1665 1319 esse,
1704 1263 1766 1307 ut
1802 1258 2137 1308 uniformitas

226 1345 324 1394 hac
350 1360 504 1412 super
527 1360 582 1394 re
607 1346 860 1405 servetur,
886 1342 1104 1393 omnino
1129 1343 1369 1409 praecipt
1394 1340 1449 1393 S.
1478 1342 1844 1411 Congregatio.

372 1450 471 1501 IX.
522 1449 745 1500 Necesse
770 1464 878 1499 non
904 1452 1001 1511 est,
1026 1452 1088 1499 ut
1114 1448 1207 1516 qui
1239 1448 1307 1499 ad
1346 1448 1438 1500 SS.
1467 1448 1686 1500 Ordines
1712 1449 1809 1500 hoc
1835 1450 1998 1499 titulo
2022 1466 2140 1499 eve-

229 1536 432 1587 hendus
480 1540 578 1598 est,
627 1533 909 1585 actualiter
957 1533 1016 1583 in
1065 1534 1316 1585 missione
1377 1539 1629 1597 versetur,
1679 1535 1767 1585 sed
1818 1534 2029 1596 sufficit,
2078 1539 2141 1584 ut

227 1625 442 1689 paratus
480 1621 551 1671 sit
593 1620 663 1671 ad
702 1619 977 1670 missiones
1016 1619 1301 1683 obeundas,
1338 1619 1548 1687 quando
1585 1624 1641 1670 et
1677 1620 1939 1687 quomodo
1978 1619 2142 1687 Supe-

228 1707 386 1758 riores
410 1723 534 1756 eum
558 1705 890 1757 mittendum
915 1705 1215 1756 censuerint
1238 1721 1300 1755 ac
1325 1705 1401 1756 ire
1429 1705 1674 1772 jubeant.

372 1811 443 1863 X.
495 1811 606 1876 Eis,
631 1812 726 1879 qui
752 1811 852 1863 hoc
876 1811 1042 1862 titulo
1069 1815 1194 1861 sunt
1220 1810 1470 1874 ordinati,
1495 1811 1550 1861 vi
1588 1812 1830 1878 praestiti
1848 1812 2142 1879 juramenti

228 1897 566 1948 interdicitur
588 1897 649 1948 in
674 1896 1012 1967 Religionem
1048 1896 1256 1966 ingredi
1290 1897 1486 1964 absque
1524 1898 1678 1947 venia
1717 1896 1771 1948 S.
1799 1896 1981 1957 Sedis3
2032 1896 2144 1963 ejus

229 1999 461 2050 namque
488 2001 510 2051 J
519 1982 700 2034 udicio
725 1987 1048 2034 reservatum
1085 1987 1183 2045 est,
1209 1983 1421 2050 praevia
1449 1981 1731 2045 Ordinarii,
1758 1983 1846 2033 cui
1883 1982 2144 2044 intererit,

230 2069 481 2120 relatione
512 2070 772 2137 judicare,
811 2073 994 2120 utrum
1034 2069 1365 2132 missionum,
1407 2086 1631 2136 quarum
1676 2069 1891 2119 servitio
1934 2068 1977 2118 ii
2021 2074 2145 2118 sunt

230 2152 450 2212 addicti,
476 2154 759 2205 necessitas
783 2155 842 2205 id
866 2155 1119 2222 patiatur.
1171 2153 1387 2205 Scilicet
1412 2154 1689 2222 publicum
1715 2154 1914 2204 bonum
1939 2155 2146 2221 privato

230 2238 516 2289 antecellat
553 2243 777 2307 oportet,
805 2257 866 2290 ea
889 2239 1147 2290 nimirum
1179 2239 1403 2303 ratione,
1429 2256 1533 2306 qua
1570 2239 1835 2307 aliquibus
1861 2238 2146 2290 Ordinibus

231 2340 533 2374 concessum
577 2328 675 2387 est,
714 2342 782 2376 ne
821 2342 1003 2376 eorum
1042 2326 1302 2394 religiosis
1346 2326 1413 2376 ad
1457 2326 1735 2376 arctiorem
1782 2326 1893 2375 sine
1933 2342 2144 2375 suorum

232 2407 572 2477 Superiorum
597 2409 818 2461 licentia
842 2411 1064 2461 transire
1089 2412 1168 2462 fas
1194 2413 1281 2463 sit.

374 2521 477 2572 XI.
541 2521 999 2582 Quemadmodum
1062 2524 1157 2574 alii
1206 2525 1375 2586 tituli,
1425 2526 1505 2575 ita
1555 2526 1721 2575 etiam
1771 2525 1875 2587 hic,
1926 2525 1992 2575 de
2041 2542 2145 2591 quo

224 2606 428 2674 agitur,
450 2605 610 2673 juxta
646 2607 925 2658 canonicas
963 2610 1259 2660 sanctiones
1285 2610 1470 2659 amitti
1496 2615 1690 2677 potest,
1715 2614 1875 2676 atque
1901 2610 1968 2659 ab
1994 2608 2147 2660 Ordi-

232 2692 394 2742 nariis
435 2692 647 2756 auferri,
683 2693 750 2743 de
793 2710 1048 2745 consensu
1081 2699 1263 2746 tamen
1301 2695 1355 2747 S.
1394 2695 1844 2765 CongregationiS,
1880 2696 2030 2763 cujus
2067 2700 2148 2745 est

232 2777 308 2828 sic
351 2777 617 2829 ordinatos
665 2780 908 2846 praestiti
949 2780 1244 2847 juramenti
1287 2782 1500 2833 vinculo
1547 2782 1823 2832 exsolvere.
1901 2781 2052 2842 Quod
2103 2783 2145 2831 si

225 2863 422 2913 amisso
447 2862 611 2913 titulo
635 2864 951 2931 generatim,
977 2870 1074 2916 aut
1096 2867 1261 2916 etiarn
1287 2867 1451 2917 titulo
1476 2867 1766 2930 MissioniS,
1790 2867 1924 2917 alter
1957 2868 2005 2916 ei
2040 2883 2145 2916 non

233 2947 605 3011 substituatur,
633 2947 879 3000 Sacerdos
917 2950 1058 3002 haud
1097 2958 1373 3020 propterea
1412 2958 1646 3004 remanet
1693 2969 2005 3021 suspensus3
2057 2953 2146 3002 sed

235 3032 500 3084 Ordinarii
524 3039 773 3086 tenentur
810 3037 1121 3104 compellere
1158 3038 1425 3090 ordinatos
1465 3039 1533 3089 ad
1573 3039 1788 3089 alterius
1829 3038 1980 3088 tituli
2027 3039 2147 3088 sub-

231 3120 579 3188 rogationem,
617 3126 776 3188 prout
819 3124 974 3173 sacris
1019 3124 1304 3174 canonibus
1347 3125 1650 3175 consultum
1701 3130 1797 3174 est.
1875 3124 1937 3173 Id
1990 3123 2145 3174 Sacra

234 3206 361 3255 haec
406 3203 755 3273 Congregatio
803 3207 862 3258 in
906 3209 1236 3277 generalibus
1282 3209 1529 3261 Comitiis
1573 3211 1681 3260 diei
1731 3213 1775 3259 1.
1822 3209 2144 3277 Septembris

241 3290 376 3342 1856
414 3290 716 3342 declaravit.

377 3406 507 3456 XII.
558 3405 763 3457 Pariter
790 3406 1093 3459 Sacerdotes
1122 3409 1399 3478 regulareS,
1425 3411 1516 3477 qui
1551 3414 1674 3459 vota
1712 3408 1966 3459 solemnia
2007 3426 2142 3459 nun-

232 3496 512 3560 cuparunt,
556 3496 717 3559 atque
766 3509 830 3543 ex
872 3494 1176 3561 Apostolica
1225 3495 1564 3562 indulgentia
1612 3495 1669 3544 in
1722 3494 1927 3545 saeculo
1971 3495 2143 3546 vivere

237 3578 638 3644 permittuntur,
663 3577 748 3628 vel
779 3578 871 3645 qui
913 3579 1192 3630 ediderunt
1228 3586 1351 3631 vota
1392 3580 1657 3648 simplicia
1697 3586 1752 3630 et
1791 3597 1819 3630 e
1861 3581 1966 3631 suis
2008 3580 2142 3631 Con-

236 3662 628 3731 gregationibus
655 3680 744 3713 seu
771 3663 1048 3715 Institutis
1075 3666 1265 3733 egressi
1293 3671 1433 3728 sunt,
1459 3682 1526 3715 ne
1560 3682 1682 3715 cum
1716 3666 1913 3733 proprii
1951 3667 2140 3735 gindus
