2534 4374
612 450 1242 496 wssffloms'rssmsusn
1292 452 1584 505 eunucu.
1912 441 2041 510 257

781 958 1416 1038 APPENDIX.

935 1124 1116 1133 ——r
1127 1128 1259 1135 ⁷7——

1073 1231 1124 1292 Ι.

477 1372 575 1416 ss,
633 1372 913 1416 DOMINI
973 1372 1249 1418 NOSTRI
1308 1378 1407 1419 1³11
1467 1378 1576 1421 pp,
1634 1380 1733 1425 1X.

674 1487 1028 1540 EPISTOLA
1098 1489 1524 1555 ENCYCLICA,

769 1612 862 1640 mm
891 1611 985 1639 vm.
1017 1611 1272 1650 nncnunms,
1309 1603 1424 1641 1864.

415 1842 794 1875 VENERABILIBUS
827 1840 1070 1887 FBATIBUS,
1109 1843 1436 1888 PATRIARCHIS,
1476 1845 1775 1891 PRIMATIBUS,

198 1929 598 1974 ARCHIEPISCOPIS,
636 1929 695 1960 ET
728 1928 960 1960 EPISCOPIS
992 1929 1257 1973 UNIVERSIS,
1296 1930 1507 1962 GRATIAM
1542 1932 1599 1963 ΕΤ
1633 1932 1985 1966 ΟΟΜΜῸΝΣΟΝΕΠ

683 2013 990 2046 APOSTOLIGAE
1024 2015 1155 2046 SEDIS
1187 2015 1504 2048 HABENTIBUS.

845 2161 1015 2214 PIUS
1075 2162 1185 2213 ΡΡ.
1238 2163 1338 2214 ΙΧ.

151 2274 491 2331 Venerabile&
534 2275 778 2338 Fratres,
816 2273 1055 2326 salutem
1091 2279 1140 2326 ct
1176 2274 1559 2344 Apostolicam
1598 2276 2044 2335 benedictionem.

272 2406 483 2469 Quanta
507 2422 631 2457 cura
655 2422 716 2456 ac
741 2403 993 2473 pastorali
1019 2403 1302 2472 vigilantia
1328 2404 1554 2456 Romani
1583 2406 1865 2459 Pontifices
1891 2410 2048 2462 Prae-

128 2495 424 2546 ·decessores
458 2491 658 2554 Nostri,
683 2493 1027 2558 exsequentes
1062 2490 1445 2541 demandatum
1481 2493 1582 2543 sibi
1608 2493 1675 2543 ab
1700 2494 1812 2561 ipso
1841 2493 2046 2547 Christo

140 2579 384 2642 Domino,
426 2578 483 2628 in
526 2592 744 2644 persona
792 2574 1100 2626 Beatissimi
1151 2575 1297 2626 Petri
1347 2576 1716 2643 Apostolorum
1768 2579 2046 2648 Principi8‚

138 2664 371 2716 officium
407 2679 704 2729 munusque
741 2661 992 2729 pascendi
1018 2678 1180 2730 agnos
1207 2665 1262 2712 et
1288 2678 1426 2724 oveS‚
1452 2679 1723 2729 nunquam
1750 2664 2045 2718 intermise-

139 2752 246 2801 rint
270 2750 574 2800 universum
610 2747 954 2798 Dominicum
987 2764 1202 2817 gregem
1238 2747 1417 2798 sedulo
1454 2749 1683 2799 enutrire
1709 2750 1877 2801 verbis
1904 2751 2046 2813 fidei,

138 2851 200 2884 ac
224 2832 441 2885 salutari
466 2832 705 2882 doctrina
728 2830 982 2893 imbuere,
1001 2847 1226 2898 eumque
1246 2831 1313 2882 ab
1332 2834 1603 2883 venenatis
1628 2835 1834 2900 pascuis
1859 2852 2045 2899 arcere,

126 2919 381 2970 -omnibus
406 2917 622 2984 quidem
647 2934 708 2967 ac
734 2915 898 2966 Vobis
923 2917 1230 2984 praesertim
1256 2921 1585 2984 compertum
1612 2919 2044 2987 exploratumque

127 3009 235 3067 est,
283 3002 615 3054 Venerabiles
665 3001 892 3052 Fratres·
1004 3002 1078 3052 Et
1127 3018 1250 3052 sane
1300 3002 1468 3052 iidem
1519 3003 1815 3055 Decessores
1865 3005 2040 3056 Nostri

127 3092 390 3159 'augustae
427 3088 719 3140 catholicae
753 3087 1044 3157 religioniS‚
1069 3087 1308 3139 veritatis
1334 3104 1394 3138 ac
1412 3088 1659 3156 justitiae
1686 3095 1958 3141 assertores
1984 3100 2032 3142 et

137 3175 388 3238 vindices»,
430 3175 497 3225 de
545 3175 844 3224 animarum
896 3174 1066 3224 salute
1116 3175 1344 3224 maxime
1394 3173 1627 3236 solliciti,
1677 3175 1814 3224 nihil
1864 3178 2043 3243 potius

137 3277 372 3329 unquam
404 3260 648 3322 habuere,
674 3276 835 3327 quam
874 3259 1276 3327 sapientissimis
1316 3259 1422 3309 suis
1448 3258 1667 3309 Litteris
1693 3264 1748 3309 et
1775 3259 2041 3312 Constitu-

136 3343 372 3394 tionibus
413 3346 646 3410 retegere
689 3346 746 3393 et
788 3342 1035 3392 damnare
1086 3358 1264 3391 omnes
1314 3341 1544 3391 haereses
1595 3347 1650 3391 et
1700 3359 1904 3404 erroreS,
1949 3344 2039 3410 qui

134 3426 362 3479 Divinae
387 3426 544 3478 Fidei
587 3430 810 3489 nostrae,
852 3425 1154 3477 Catholicae
1199 3424 1466 3475 Ecclesiae
1511 3426 1795 3488 doctrinae,
1837 3444 2037 3476 morum

135 3514 418 3577 honestati,
480 3530 541 3563 ac
604 3514 953 3581 sempiternae
1014 3512 1293 3562 hominum
1357 3510 1516 3561 saluti
1578 3511 1797 3572 adversi,
1860 3530 2039 3580 graves

134 3599 432 3667 frequenter
481 3599 776 3650 excitarunt
827 3601 1187 3664 tempestates,
1228 3601 1288 3646 et
1332 3596 1672 3646 christianam
1723 3596 2040 3664 civilemque

133 3683 515 3752 rempublicam
565 3683 923 3734 miserandum
973 3682 1031 3731 in
1080 3681 1299 3732 modum
1346 3681 1693 3731 funestarunt.
1787 3681 2042 3741 Quocirca
