<?xml version="1.0" encoding="UTF-8"?>
<!DOCTYPE html PUBLIC "-//W3C//DTD XHTML 1.0 Transitional//EN"
    "http://www.w3.org/TR/xhtml1/DTD/xhtml1-transitional.dtd">
<html xmlns="http://www.w3.org/1999/xhtml" xml:lang="en" lang="en">
 <head>
  <title>
</title>
<meta http-equiv="Content-Type" content="text/html;charset=utf-8" />
  <meta name='ocr-system' content='tesseract 3.04.00' />
  <meta name='ocr-capabilities' content='ocr_page ocr_carea ocr_par ocr_line ocrx_word'/>
</head>
<body>
  <div class='ocr_page' id='page_1' title='image "a613744800cathuoft_0403.png"; bbox 0 0 2534 4374; ppageno 0'>
   <div class='ocr_carea' id='block_1_1' title="bbox 760 410 2105 475">
    <p class='ocr_par' dir='ltr' id='par_1_1' title="bbox 760 410 2105 475">
     <span class='ocr_line' id='line_1_1' title="bbox 760 410 2105 475; baseline 0.004 -6"><span class='ocrx_word' id='word_1_1' title='bbox 760 427 838 469; x_wconf 79' lang='lat' dir='ltr'><strong>m:</strong></span> <span class='ocrx_word' id='word_1_2' title='bbox 880 426 1089 471; x_wconf 69' lang='lat' dir='ltr'><strong>&#39;rmum</strong></span> <span class='ocrx_word' id='word_1_3' title='bbox 1133 425 1564 471; x_wconf 68' lang='lat' dir='ltr'><strong>onmm&#39;moms.</strong></span> <span class='ocrx_word' id='word_1_4' title='bbox 1975 410 2105 475; x_wconf 70' lang='lat'><strong>,385</strong></span> 
     </span>
    </p>
   </div>
   <div class='ocr_carea' id='block_1_2' title="bbox 192 572 2112 642">
    <p class='ocr_par' dir='ltr' id='par_1_2' title="bbox 192 572 2112 642">
     <span class='ocr_line' id='line_1_2' title="bbox 192 572 2112 642; baseline -0.002 -15"><span class='ocrx_word' id='word_1_5' title='bbox 192 573 584 627; x_wconf 63' lang='lat' dir='ltr'>conscientiam</span> <span class='ocrx_word' id='word_1_6' title='bbox 611 589 760 625; x_wconf 88' lang='lat' dir='ltr'><strong>suam</strong></span> <span class='ocrx_word' id='word_1_7' title='bbox 786 573 1149 640; x_wconf 84' lang='lat' dir='ltr'><strong>poenitentiae</strong></span> <span class='ocrx_word' id='word_1_8' title='bbox 1184 572 1524 624; x_wconf 85' lang='lat' dir='ltr'><strong>Sacramento</strong></span> <span class='ocrx_word' id='word_1_9' title='bbox 1559 574 1768 642; x_wconf 85' lang='lat' dir='ltr'><strong>expiare</strong></span> <span class='ocrx_word' id='word_1_10' title='bbox 1808 591 1911 624; x_wconf 90' lang='lat' dir='ltr'><strong>non</strong></span> <span class='ocrx_word' id='word_1_11' title='bbox 1953 577 2112 625; x_wconf 76' lang='lat' dir='ltr'><strong>omit-</strong></span> 
     </span>
    </p>
   </div>
   <div class='ocr_carea' id='block_1_3' title="bbox 192 658 2111 797">
    <p class='ocr_par' dir='ltr' id='par_1_3' title="bbox 192 658 2111 797">
     <span class='ocr_line' id='line_1_3' title="bbox 206 658 2111 727; baseline 0.001 -17"><span class='ocrx_word' id='word_1_12' title='bbox 206 665 343 723; x_wconf 89' lang='lat' dir='ltr'><strong>tant,</strong></span> <span class='ocrx_word' id='word_1_13' title='bbox 377 664 537 727; x_wconf 90' lang='lat' dir='ltr'><strong>atque</strong></span> <span class='ocrx_word' id='word_1_14' title='bbox 563 658 966 710; x_wconf 83' lang='lat' dir='ltr'><strong>eucharisticam</strong></span> <span class='ocrx_word' id='word_1_15' title='bbox 991 659 1417 710; x_wconf 80' lang='lat' dir='ltr'><strong>communionem</strong></span> <span class='ocrx_word' id='word_1_16' title='bbox 1457 660 1766 727; x_wconf 78' lang='lat' dir='ltr'><strong>suscipiant,</strong></span> <span class='ocrx_word' id='word_1_17' title='bbox 1798 661 1877 711; x_wconf 89' lang='lat' dir='ltr'><strong>vel</strong></span> <span class='ocrx_word' id='word_1_18' title='bbox 1919 660 2111 711; x_wconf 76' lang='lat' dir='ltr'><strong>Missae</strong></span> 
     </span>
     <span class='ocr_line' id='line_1_4' title="bbox 192 743 841 797; baseline -0.006 0"><span class='ocrx_word' id='word_1_19' title='bbox 192 745 470 797; x_wconf 85' lang='lat' dir='ltr'><strong>-celebrent</strong></span> <span class='ocrx_word' id='word_1_20' title='bbox 494 743 841 796; x_wconf 87' lang='lat' dir='ltr'><strong>Sacrificium.</strong></span> 
     </span>
    </p>
   </div>
   <div class='ocr_carea' id='block_1_4' title="bbox 204 854 2107 1011">
    <p class='ocr_par' dir='ltr' id='par_1_4' title="bbox 204 854 2107 1011">
     <span class='ocr_line' id='line_1_5' title="bbox 348 854 2107 924; baseline -0.001 -17"><span class='ocrx_word' id='word_1_21' title='bbox 348 857 549 907; x_wconf 90' lang='lat' dir='ltr'><strong>Datum</strong></span> <span class='ocrx_word' id='word_1_22' title='bbox 575 854 774 906; x_wconf 86' lang='lat' dir='ltr'><strong>Romae</strong></span> <span class='ocrx_word' id='word_1_23' title='bbox 800 871 865 905; x_wconf 84' lang='lat' dir='ltr'><strong>ex</strong></span> <span class='ocrx_word' id='word_1_24' title='bbox 890 854 1126 906; x_wconf 84' lang='lat' dir='ltr'><strong>Aedibus</strong></span> <span class='ocrx_word' id='word_1_25' title='bbox 1151 855 1327 906; x_wconf 83' lang='lat' dir='ltr'><strong>dictae</strong></span> <span class='ocrx_word' id='word_1_26' title='bbox 1366 854 1419 907; x_wconf 84' lang='lat' dir='ltr'><strong>S.</strong></span> <span class='ocrx_word' id='word_1_27' title='bbox 1449 855 1881 924; x_wconf 86' lang='lat' dir='ltr'><strong>Congregationis</strong></span> <span class='ocrx_word' id='word_1_28' title='bbox 1918 856 2006 906; x_wconf 85' lang='lat' dir='ltr'><strong>die</strong></span> <span class='ocrx_word' id='word_1_29' title='bbox 2043 857 2107 907; x_wconf 86' lang='lat'><strong>27</strong></span> 
     </span>
     <span class='ocr_line' id='line_1_6' title="bbox 204 939 586 1011; baseline -0.005 -17"><span class='ocrx_word' id='word_1_30' title='bbox 204 942 402 1011; x_wconf 86' lang='lat' dir='ltr'><strong>Aprilis</strong></span> <span class='ocrx_word' id='word_1_31' title='bbox 432 939 586 993; x_wconf 88' lang='grc'><strong>1871.</strong></span> 
     </span>
    </p>
   </div>
   <div class='ocr_carea' id='block_1_5' title="bbox 842 1195 1488 1247">
    <p class='ocr_par' dir='ltr' id='par_1_5' title="bbox 842 1195 1488 1247">
     <span class='ocr_line' id='line_1_7' title="bbox 842 1195 1488 1247; baseline 0 -2"><span class='ocrx_word' id='word_1_32' title='bbox 842 1196 1123 1247; x_wconf 77' lang='lat' dir='ltr'><strong>FORMULA</strong></span> <span class='ocrx_word' id='word_1_33' title='bbox 1158 1195 1194 1247; x_wconf 87' lang='lat' dir='ltr'><strong>J</strong></span> <span class='ocrx_word' id='word_1_34' title='bbox 1199 1207 1488 1246; x_wconf 73' lang='lat' dir='ltr'>URAMENTI</span> 
     </span>
    </p>
   </div>
   <div class='ocr_carea' id='block_1_6' title="bbox 275 1327 2040 1389">
    <p class='ocr_par' dir='ltr' id='par_1_6' title="bbox 275 1327 2040 1389">
     <span class='ocr_line' id='line_1_8' title="bbox 275 1327 2040 1389; baseline -0.002 -5"><span class='ocrx_word' id='word_1_35' title='bbox 275 1344 350 1384; x_wconf 78' lang='lat' dir='ltr'><strong>AB</strong></span> <span class='ocrx_word' id='word_1_36' title='bbox 398 1335 480 1383; x_wconf 80' lang='lat' dir='ltr'><strong>IIS</strong></span> <span class='ocrx_word' id='word_1_37' title='bbox 520 1341 863 1382; x_wconf 80' lang='lat' dir='ltr'>PRAESTANDI</span> <span class='ocrx_word' id='word_1_38' title='bbox 914 1340 1014 1389; x_wconf 79' lang='lat' dir='ltr'><strong>QUI</strong></span> <span class='ocrx_word' id='word_1_39' title='bbox 1064 1340 1267 1378; x_wconf 84' lang='lat' dir='ltr'>TITULO</span> <span class='ocrx_word' id='word_1_40' title='bbox 1318 1327 1613 1379; x_wconf 86' lang='lat' dir='ltr'><strong>MISSIONIS</strong></span> <span class='ocrx_word' id='word_1_41' title='bbox 1662 1342 2040 1381; x_wconf 77' lang='lat' dir='ltr'>ORDINANTUR.</span> 
     </span>
    </p>
   </div>
   <div class='ocr_carea' id='block_1_7' title="bbox 184 1498 2117 1982">
    <p class='ocr_par' dir='ltr' id='par_1_7' title="bbox 184 1498 2117 1982">
     <span class='ocr_line' id='line_1_9' title="bbox 292 1498 2114 1572; baseline -0.001 -19"><span class='ocrx_word' id='word_1_42' title='bbox 292 1511 309 1516; x_wconf 82' lang='grc'><strong>“’</strong></span> <span class='ocrx_word' id='word_1_43' title='bbox 350 1504 466 1572; x_wconf 84' lang='lat' dir='ltr'><strong>Ego</strong></span> <span class='ocrx_word' id='word_1_44' title='bbox 491 1503 542 1553; x_wconf 91' lang='lat' dir='ltr'>N</span> <span class='ocrx_word' id='word_1_45' title='bbox 548 1539 580 1565; x_wconf 90' lang='lat'><strong>.,</strong></span> <span class='ocrx_word' id='word_1_46' title='bbox 605 1501 778 1552; x_wconf 88' lang='lat' dir='ltr'><strong>Filius</strong></span> <span class='ocrx_word' id='word_1_47' title='bbox 803 1499 889 1563; x_wconf 88' lang='lat' dir='ltr'><strong>N.‚</strong></span> <span class='ocrx_word' id='word_1_48' title='bbox 915 1500 1179 1551; x_wconf 87' lang='lat' dir='ltr'><strong>Dioecesis</strong></span> <span class='ocrx_word' id='word_1_49' title='bbox 1206 1498 1312 1569; x_wconf 79' lang='lat' dir='ltr'><strong>(vel</strong></span> <span class='ocrx_word' id='word_1_50' title='bbox 1337 1499 1662 1567; x_wconf 72' lang='lat' dir='ltr'><strong>Vicariatus)</strong></span> <span class='ocrx_word' id='word_1_51' title='bbox 1692 1500 1740 1549; x_wconf 89' lang='lat' dir='ltr'>N</span> <span class='ocrx_word' id='word_1_52' title='bbox 1746 1539 1777 1562; x_wconf 90' lang='lat'><strong>.,</strong></span> <span class='ocrx_word' id='word_1_53' title='bbox 1805 1503 2033 1568; x_wconf 81' lang='lat' dir='ltr'><strong>spondeo</strong></span> <span class='ocrx_word' id='word_1_54' title='bbox 2059 1509 2114 1551; x_wconf 84' lang='lat' dir='ltr'><strong>et</strong></span> 
     </span>
     <span class='ocr_line' id='line_1_10' title="bbox 184 1584 2113 1658; baseline -0.003 -17"><span class='ocrx_word' id='word_1_55' title='bbox 184 1650 188 1654; x_wconf 30' lang='lat'><strong>¹</strong></span> <span class='ocrx_word' id='word_1_56' title='bbox 197 1592 339 1658; x_wconf 83' lang='lat' dir='ltr'><strong>jum,</strong></span> <span class='ocrx_word' id='word_1_57' title='bbox 363 1589 522 1657; x_wconf 87' lang='lat' dir='ltr'><strong>quod,</strong></span> <span class='ocrx_word' id='word_1_58' title='bbox 548 1591 830 1656; x_wconf 85' lang='lat' dir='ltr'><strong>postquam</strong></span> <span class='ocrx_word' id='word_1_59' title='bbox 855 1586 923 1636; x_wconf 87' lang='lat' dir='ltr'><strong>ad</strong></span> <span class='ocrx_word' id='word_1_60' title='bbox 951 1585 1132 1636; x_wconf 84' lang='lat' dir='ltr'><strong>Sacros</strong></span> <span class='ocrx_word' id='word_1_61' title='bbox 1176 1584 1396 1636; x_wconf 84' lang='lat' dir='ltr'><strong>Ordines</strong></span> <span class='ocrx_word' id='word_1_62' title='bbox 1423 1590 1694 1651; x_wconf 83' lang='lat' dir='ltr'><strong>promotus</strong></span> <span class='ocrx_word' id='word_1_63' title='bbox 1722 1586 1885 1648; x_wconf 91' lang='lat' dir='ltr'><strong>fuer0,</strong></span> <span class='ocrx_word' id='word_1_64' title='bbox 1910 1586 2113 1636; x_wconf 86' lang='lat' dir='ltr'><strong>nullam</strong></span> 
     </span>
     <span class='ocr_line' id='line_1_11' title="bbox 207 1669 2116 1743; baseline -0.002 -18"><span class='ocrx_word' id='word_1_65' title='bbox 207 1674 558 1743; x_wconf 87' lang='lat' dir='ltr'><strong>Religionem,</strong></span> <span class='ocrx_word' id='word_1_66' title='bbox 603 1671 944 1733; x_wconf 68' lang='lat' dir='ltr'><strong>Societatem,</strong></span> <span class='ocrx_word' id='word_1_67' title='bbox 986 1675 1084 1721; x_wconf 87' lang='lat' dir='ltr'><strong>aut</strong></span> <span class='ocrx_word' id='word_1_68' title='bbox 1128 1669 1604 1739; x_wconf 83' lang='lat' dir='ltr'><strong>Congregationem</strong></span> <span class='ocrx_word' id='word_1_69' title='bbox 1648 1670 1954 1737; x_wconf 85' lang='lat' dir='ltr'><strong>regularem,</strong></span> <span class='ocrx_word' id='word_1_70' title='bbox 2004 1672 2116 1721; x_wconf 83' lang='lat' dir='ltr'><strong>sine</strong></span> 
     </span>
     <span class='ocr_line' id='line_1_12' title="bbox 206 1754 2117 1828; baseline -0.002 -17"><span class='ocrx_word' id='word_1_71' title='bbox 206 1759 423 1828; x_wconf 87' lang='lat' dir='ltr'><strong>speciali</strong></span> <span class='ocrx_word' id='word_1_72' title='bbox 468 1758 618 1810; x_wconf 86' lang='lat' dir='ltr'><strong>Sedis</strong></span> <span class='ocrx_word' id='word_1_73' title='bbox 657 1757 991 1825; x_wconf 87' lang='lat' dir='ltr'><strong>Apostolicae</strong></span> <span class='ocrx_word' id='word_1_74' title='bbox 1034 1756 1272 1819; x_wconf 90' lang='lat' dir='ltr'><strong>licentia,</strong></span> <span class='ocrx_word' id='word_1_75' title='bbox 1314 1760 1410 1806; x_wconf 87' lang='lat' dir='ltr'><strong>aut</strong></span> <span class='ocrx_word' id='word_1_76' title='bbox 1473 1754 1524 1806; x_wconf 90' lang='lat' dir='ltr'><strong>S.</strong></span> <span class='ocrx_word' id='word_1_77' title='bbox 1574 1754 2003 1824; x_wconf 80' lang='lat' dir='ltr'><strong>Congrega‘rionis</strong></span> <span class='ocrx_word' id='word_1_78' title='bbox 2053 1759 2117 1807; x_wconf 90' lang='lat' dir='ltr'><strong>de</strong></span> 
     </span>
     <span class='ocr_line' id='line_1_13' title="bbox 207 1840 2115 1914; baseline -0.002 -18"><span class='ocrx_word' id='word_1_79' title='bbox 207 1844 554 1914; x_wconf 87' lang='lat' dir='ltr'><strong>Propaganda</strong></span> <span class='ocrx_word' id='word_1_80' title='bbox 579 1843 733 1907; x_wconf 89' lang='lat' dir='ltr'><strong>Fide,</strong></span> <span class='ocrx_word' id='word_1_81' title='bbox 758 1843 1042 1912; x_wconf 86' lang='lat' dir='ltr'><strong>ingrediar,</strong></span> <span class='ocrx_word' id='word_1_82' title='bbox 1068 1858 1237 1909; x_wconf 88' lang='lat' dir='ltr'><strong>neque</strong></span> <span class='ocrx_word' id='word_1_83' title='bbox 1262 1842 1318 1891; x_wconf 91' lang='lat' dir='ltr'><strong>in</strong></span> <span class='ocrx_word' id='word_1_84' title='bbox 1339 1857 1519 1893; x_wconf 88' lang='lat' dir='ltr'><strong>earum</strong></span> <span class='ocrx_word' id='word_1_85' title='bbox 1544 1840 1722 1907; x_wconf 87' lang='lat' dir='ltr'><strong>aliqua</strong></span> <span class='ocrx_word' id='word_1_86' title='bbox 1747 1842 2115 1908; x_wconf 71' lang='lat' dir='ltr'><strong>professionem</strong></span> 
     </span>
     <span class='ocr_line' id='line_1_14' title="bbox 189 1932 471 1982; baseline -0.007 0"><span class='ocrx_word' id='word_1_87' title='bbox 189 1932 471 1982; x_wconf 82' lang='lat' dir='ltr'><strong>emittam.</strong></span> 
     </span>
    </p>
   </div>
   <div class='ocr_carea' id='block_1_8' title="bbox 207 2032 2121 2615">
    <p class='ocr_par' dir='ltr' id='par_1_8' title="bbox 207 2032 2121 2615">
     <span class='ocr_line' id='line_1_15' title="bbox 350 2032 2118 2104; baseline -0.001 -19"><span class='ocrx_word' id='word_1_88' title='bbox 350 2037 526 2088; x_wconf 90' lang='lat' dir='ltr'><strong>Voveo</strong></span> <span class='ocrx_word' id='word_1_89' title='bbox 552 2038 749 2103; x_wconf 85' lang='lat' dir='ltr'><strong>pariter</strong></span> <span class='ocrx_word' id='word_1_90' title='bbox 771 2040 828 2086; x_wconf 89' lang='lat' dir='ltr'><strong>et</strong></span> <span class='ocrx_word' id='word_1_91' title='bbox 842 2035 984 2104; x_wconf 90' lang='lat' dir='ltr'><strong>juro,</strong></span> <span class='ocrx_word' id='word_1_92' title='bbox 1010 2035 1151 2102; x_wconf 93' lang='lat' dir='ltr'><strong>quod</strong></span> <span class='ocrx_word' id='word_1_93' title='bbox 1188 2034 1247 2084; x_wconf 88' lang='lat' dir='ltr'><strong>in</strong></span> <span class='ocrx_word' id='word_1_94' title='bbox 1286 2033 1384 2084; x_wconf 87' lang='lat' dir='ltr'><strong>hac</strong></span> <span class='ocrx_word' id='word_1_95' title='bbox 1410 2032 1647 2084; x_wconf 87' lang='lat' dir='ltr'><strong>Dioecesi</strong></span> <span class='ocrx_word' id='word_1_96' title='bbox 1675 2032 1803 2094; x_wconf 67' lang='lat' dir='ltr'><strong>(am</strong></span> <span class='ocrx_word' id='word_1_97' title='bbox 1827 2034 2118 2097; x_wconf 80' lang='lat' dir='ltr'><strong>Vica1·iatu,</strong></span> 
     </span>
     <span class='ocr_line' id='line_1_16' title="bbox 207 2117 2119 2189; baseline -0.002 -14"><span class='ocrx_word' id='word_1_98' title='bbox 207 2122 288 2175; x_wconf 78' lang='lat' dir='ltr'><strong>vel</strong></span> <span class='ocrx_word' id='word_1_99' title='bbox 303 2125 319 2155; x_wconf 94' lang='lat'>¹</span> <span class='ocrx_word' id='word_1_100' title='bbox 342 2124 401 2173; x_wconf 91' lang='lat' dir='ltr'><strong>in</strong></span> <span class='ocrx_word' id='word_1_101' title='bbox 425 2122 682 2172; x_wconf 90' lang='lat' dir='ltr'><strong>Missione</strong></span> <span class='ocrx_word' id='word_1_102' title='bbox 706 2122 793 2171; x_wconf 90' lang='lat' dir='ltr'><strong>cui</strong></span> <span class='ocrx_word' id='word_1_103' title='bbox 824 2120 877 2172; x_wconf 91' lang='lat' dir='ltr'><strong>S.</strong></span> <span class='ocrx_word' id='word_1_104' title='bbox 899 2118 1025 2171; x_wconf 91' lang='lat' dir='ltr'><strong>Sedi</strong></span> <span class='ocrx_word' id='word_1_105' title='bbox 1050 2119 1135 2171; x_wconf 84' lang='lat' dir='ltr'><strong>vel</strong></span> <span class='ocrx_word' id='word_1_106' title='bbox 1161 2118 1215 2170; x_wconf 90' lang='lat' dir='ltr'><strong>S.</strong></span> <span class='ocrx_word' id='word_1_107' title='bbox 1244 2117 1653 2188; x_wconf 84' lang='lat' dir='ltr'><strong>Congregationi</strong></span> <span class='ocrx_word' id='word_1_108' title='bbox 1679 2121 1744 2171; x_wconf 92' lang='lat' dir='ltr'><strong>de</strong></span> <span class='ocrx_word' id='word_1_109' title='bbox 1771 2120 2119 2189; x_wconf 87' lang='lat' dir='ltr'><strong>Propaganda</strong></span> 
     </span>
     <span class='ocr_line' id='line_1_17' title="bbox 208 2204 2118 2274; baseline -0.001 -15"><span class='ocrx_word' id='word_1_110' title='bbox 208 2209 342 2259; x_wconf 86' lang='lat' dir='ltr'><strong>Fide</strong></span> <span class='ocrx_word' id='word_1_111' title='bbox 366 2225 453 2258; x_wconf 91' lang='lat' dir='ltr'><strong>me</strong></span> <span class='ocrx_word' id='word_1_112' title='bbox 478 2207 740 2258; x_wconf 88' lang='lat' dir='ltr'><strong>destinare</strong></span> <span class='ocrx_word' id='word_1_113' title='bbox 765 2204 1053 2274; x_wconf 87' lang='lat' dir='ltr'><strong>placuerit)</strong></span> <span class='ocrx_word' id='word_1_114' title='bbox 1095 2209 1349 2273; x_wconf 87' lang='lat' dir='ltr'><strong>perpetuo</strong></span> <span class='ocrx_word' id='word_1_115' title='bbox 1375 2205 1431 2254; x_wconf 92' lang='lat' dir='ltr'><strong>in</strong></span> <span class='ocrx_word' id='word_1_116' title='bbox 1466 2205 1664 2255; x_wconf 86' lang='lat' dir='ltr'><strong>divinis</strong></span> <span class='ocrx_word' id='word_1_117' title='bbox 1688 2206 2118 2257; x_wconf 72' lang='lat' dir='ltr'><strong>administrandis</strong></span> 
     </span>
     <span class='ocr_line' id='line_1_18' title="bbox 207 2290 2120 2360; baseline -0.002 -16"><span class='ocrx_word' id='word_1_118' title='bbox 207 2295 438 2344; x_wconf 88' lang='lat' dir='ltr'><strong>laborem</strong></span> <span class='ocrx_word' id='word_1_119' title='bbox 463 2310 645 2343; x_wconf 91' lang='lat' dir='ltr'><strong>meum</strong></span> <span class='ocrx_word' id='word_1_120' title='bbox 670 2309 731 2342; x_wconf 91' lang='lat' dir='ltr'><strong>ac</strong></span> <span class='ocrx_word' id='word_1_121' title='bbox 757 2308 987 2360; x_wconf 90' lang='lat' dir='ltr'><strong>operam,</strong></span> <span class='ocrx_word' id='word_1_122' title='bbox 1014 2291 1112 2342; x_wconf 90' lang='lat' dir='ltr'><strong>sub</strong></span> <span class='ocrx_word' id='word_1_123' title='bbox 1153 2290 1459 2342; x_wconf 87' lang='lat' dir='ltr'><strong>omnimoda</strong></span> <span class='ocrx_word' id='word_1_124' title='bbox 1483 2290 1773 2341; x_wconf 90' lang='lat' dir='ltr'><strong>directione</strong></span> <span class='ocrx_word' id='word_1_125' title='bbox 1799 2296 1854 2340; x_wconf 89' lang='lat' dir='ltr'><strong>et</strong></span> <span class='ocrx_word' id='word_1_126' title='bbox 1869 2292 2120 2358; x_wconf 78' lang='lat' dir='ltr'><strong>jurisdic-</strong></span> 
     </span>
     <span class='ocr_line' id='line_1_19' title="bbox 208 2374 2117 2444; baseline -0.001 -15"><span class='ocrx_word' id='word_1_127' title='bbox 208 2381 355 2430; x_wconf 89' lang='lat' dir='ltr'><strong>tione</strong></span> <span class='ocrx_word' id='word_1_128' title='bbox 395 2377 459 2429; x_wconf 84' lang='lat' dir='ltr'><strong>R.</strong></span> <span class='ocrx_word' id='word_1_129' title='bbox 505 2377 566 2427; x_wconf 88' lang='lat' dir='ltr'><strong>P.</strong></span> <span class='ocrx_word' id='word_1_130' title='bbox 612 2375 680 2427; x_wconf 89' lang='lat' dir='ltr'><strong>D.</strong></span> <span class='ocrx_word' id='word_1_131' title='bbox 721 2394 814 2444; x_wconf 92' lang='lat' dir='ltr'><strong>pro</strong></span> <span class='ocrx_word' id='word_1_132' title='bbox 857 2380 1094 2443; x_wconf 89' lang='lat' dir='ltr'><strong>tempore</strong></span> <span class='ocrx_word' id='word_1_133' title='bbox 1138 2374 1422 2438; x_wconf 88' lang='lat' dir='ltr'><strong>Ordinarii,</strong></span> <span class='ocrx_word' id='word_1_134' title='bbox 1468 2393 1560 2444; x_wconf 87' lang='lat' dir='ltr'><strong>pro</strong></span> <span class='ocrx_word' id='word_1_135' title='bbox 1605 2377 1776 2427; x_wconf 79' lang='lat' dir='ltr'><strong>salute</strong></span> <span class='ocrx_word' id='word_1_136' title='bbox 1819 2378 2117 2428; x_wconf 86' lang='lat' dir='ltr'><strong>animarum</strong></span> 
     </span>
     <span class='ocr_line' id='line_1_20' title="bbox 209 2461 2121 2531; baseline -0.001 -17"><span class='ocrx_word' id='word_1_137' title='bbox 209 2463 543 2531; x_wconf 85' lang='lat' dir='ltr'><strong>impendam3</strong></span> <span class='ocrx_word' id='word_1_138' title='bbox 587 2461 729 2529; x_wconf 94' lang='lat' dir='ltr'><strong>quod</strong></span> <span class='ocrx_word' id='word_1_139' title='bbox 748 2462 913 2511; x_wconf 90' lang='lat' dir='ltr'><strong>etiam</strong></span> <span class='ocrx_word' id='word_1_140' title='bbox 931 2462 1223 2528; x_wconf 82' lang='lat' dir='ltr'><strong>praestabo,</strong></span> <span class='ocrx_word' id='word_1_141' title='bbox 1244 2462 1306 2523; x_wconf 88' lang='lat' dir='ltr'><strong>si,</strong></span> <span class='ocrx_word' id='word_1_142' title='bbox 1325 2479 1448 2511; x_wconf 89' lang='lat' dir='ltr'><strong>cum</strong></span> <span class='ocrx_word' id='word_1_143' title='bbox 1464 2461 1765 2529; x_wconf 88' lang='lat' dir='ltr'><strong>praedictae</strong></span> <span class='ocrx_word' id='word_1_144' title='bbox 1782 2461 1931 2513; x_wconf 88' lang='lat' dir='ltr'><strong>Sedis</strong></span> <span class='ocrx_word' id='word_1_145' title='bbox 1956 2463 2121 2531; x_wconf 89' lang='lat' dir='ltr'><strong>Apos-</strong></span> 
     </span>
     <span class='ocr_line' id='line_1_21' title="bbox 210 2545 2118 2615; baseline -0.001 -16"><span class='ocrx_word' id='word_1_146' title='bbox 210 2550 403 2599; x_wconf 86' lang='lat' dir='ltr'><strong>tolicae</strong></span> <span class='ocrx_word' id='word_1_147' title='bbox 442 2547 679 2610; x_wconf 86' lang='lat' dir='ltr'><strong>licentia,</strong></span> <span class='ocrx_word' id='word_1_148' title='bbox 724 2546 1076 2614; x_wconf 88' lang='lat' dir='ltr'><strong>Religionem,</strong></span> <span class='ocrx_word' id='word_1_149' title='bbox 1122 2546 1462 2610; x_wconf 87' lang='lat' dir='ltr'><strong>Societatem,</strong></span> <span class='ocrx_word' id='word_1_150' title='bbox 1506 2551 1602 2596; x_wconf 86' lang='lat' dir='ltr'><strong>aut</strong></span> <span class='ocrx_word' id='word_1_151' title='bbox 1647 2545 2118 2615; x_wconf 87' lang='lat' dir='ltr'><strong>Congregationem</strong></span> 
     </span>
    </p>
   </div>
   <div class='ocr_carea' id='block_1_9' title="bbox 199 2628 2116 2768">
    <p class='ocr_par' dir='ltr' id='par_1_9' title="bbox 199 2628 2116 2768">
     <span class='ocr_line' id='line_1_22' title="bbox 208 2628 2116 2699; baseline -0.001 -18"><span class='ocrx_word' id='word_1_152' title='bbox 208 2630 502 2699; x_wconf 81' lang='lat' dir='ltr'><strong>regularem</strong></span> <span class='ocrx_word' id='word_1_153' title='bbox 551 2630 813 2697; x_wconf 87' lang='lat' dir='ltr'><strong>ingressus</strong></span> <span class='ocrx_word' id='word_1_154' title='bbox 863 2628 1026 2692; x_wconf 80' lang='lat' dir='ltr'><strong>fuere,</strong></span> <span class='ocrx_word' id='word_1_155' title='bbox 1077 2633 1133 2679; x_wconf 87' lang='lat' dir='ltr'><strong>et</strong></span> <span class='ocrx_word' id='word_1_156' title='bbox 1179 2630 1238 2679; x_wconf 90' lang='lat' dir='ltr'><strong>in</strong></span> <span class='ocrx_word' id='word_1_157' title='bbox 1288 2645 1467 2678; x_wconf 87' lang='lat' dir='ltr'><strong>earum</strong></span> <span class='ocrx_word' id='word_1_158' title='bbox 1517 2628 1697 2696; x_wconf 89' lang='lat' dir='ltr'><strong>aliqua</strong></span> <span class='ocrx_word' id='word_1_159' title='bbox 1746 2630 2116 2695; x_wconf 66' lang='lat' dir='ltr'><strong>professionem</strong></span> 
     </span>
     <span class='ocr_line' id='line_1_23' title="bbox 199 2733 448 2768; baseline -0.004 0"><span class='ocrx_word' id='word_1_160' title='bbox 199 2733 448 2768; x_wconf 66' lang='lat' dir='ltr'><strong>emisero-</strong></span> 
     </span>
    </p>
   </div>
   <div class='ocr_carea' id='block_1_10' title="bbox 356 2820 2120 2889">
    <p class='ocr_par' dir='ltr' id='par_1_10' title="bbox 356 2820 2120 2889">
     <span class='ocr_line' id='line_1_24' title="bbox 356 2820 2120 2889; baseline -0.001 -16"><span class='ocrx_word' id='word_1_161' title='bbox 356 2822 499 2873; x_wconf 90' lang='lat' dir='ltr'><strong>Item</strong></span> <span class='ocrx_word' id='word_1_162' title='bbox 526 2839 703 2885; x_wconf 90' lang='lat' dir='ltr'><strong>vove0,</strong></span> <span class='ocrx_word' id='word_1_163' title='bbox 748 2825 803 2872; x_wconf 91' lang='lat' dir='ltr'><strong>et</strong></span> <span class='ocrx_word' id='word_1_164' title='bbox 840 2821 978 2888; x_wconf 88' lang='lat' dir='ltr'><strong>jur0,</strong></span> <span class='ocrx_word' id='word_1_165' title='bbox 1018 2838 1105 2871; x_wconf 91' lang='lat' dir='ltr'><strong>me</strong></span> <span class='ocrx_word' id='word_1_166' title='bbox 1147 2821 1481 2888; x_wconf 85' lang='lat' dir='ltr'><strong>praedictum</strong></span> <span class='ocrx_word' id='word_1_167' title='bbox 1513 2820 1898 2888; x_wconf 81' lang='lat' dir='ltr'><strong>juramentum,</strong></span> <span class='ocrx_word' id='word_1_168' title='bbox 1926 2826 1979 2871; x_wconf 86' lang='lat' dir='ltr'><strong>et</strong></span> <span class='ocrx_word' id='word_1_169' title='bbox 2008 2824 2120 2889; x_wconf 82' lang='lat' dir='ltr'><strong>ejus</strong></span> 
     </span>
    </p>
   </div>
   <div class='ocr_carea' id='block_1_11' title="bbox 200 2905 2122 3059">
    <p class='ocr_par' dir='ltr' id='par_1_11' title="bbox 200 2905 2122 3059">
     <span class='ocr_line' id='line_1_25' title="bbox 201 2905 2122 2976; baseline 0 -18"><span class='ocrx_word' id='word_1_170' title='bbox 201 2908 594 2976; x_wconf 29' lang='lat' dir='ltr'><strong>*obligationem</strong></span> <span class='ocrx_word' id='word_1_171' title='bbox 620 2906 934 2975; x_wconf 89' lang='lat' dir='ltr'><strong>intelligere,</strong></span> <span class='ocrx_word' id='word_1_172' title='bbox 954 2910 1009 2957; x_wconf 91' lang='lat' dir='ltr'><strong>et</strong></span> <span class='ocrx_word' id='word_1_173' title='bbox 1034 2906 1443 2957; x_wconf 79' lang='lat' dir='ltr'><strong>observaturum.</strong></span> <span class='ocrx_word' id='word_1_174' title='bbox 1519 2905 1719 2957; x_wconf 83' lang='lat' dir='ltr'><strong>Sic&#39;me</strong></span> <span class='ocrx_word' id='word_1_175' title='bbox 1739 2906 1879 2957; x_wconf 88' lang='lat' dir='ltr'><strong>Deus</strong></span> <span class='ocrx_word' id='word_1_176' title='bbox 1904 2908 2122 2975; x_wconf 79' lang='lat' dir='ltr'><strong>adjuvet</strong></span> 
     </span>
     <span class='ocr_line' id='line_1_26' title="bbox 200 2990 1102 3059; baseline 0 -17"><span class='ocrx_word' id='word_1_177' title='bbox 200 2996 270 3042; x_wconf 85' lang='lat' dir='ltr'><strong>-et</strong></span> <span class='ocrx_word' id='word_1_178' title='bbox 293 2993 423 3044; x_wconf 84' lang='lat' dir='ltr'><strong>haec</strong></span> <span class='ocrx_word' id='word_1_179' title='bbox 447 2990 643 3043; x_wconf 86' lang='lat' dir='ltr'><strong>Sancta</strong></span> <span class='ocrx_word' id='word_1_180' title='bbox 666 2990 767 3042; x_wconf 89' lang='lat' dir='ltr'><strong>Dei</strong></span> <span class='ocrx_word' id='word_1_181' title='bbox 794 2990 1102 3059; x_wconf 85' lang='lat' dir='ltr'><strong>Evangelia.</strong></span> 
     </span>
    </p>
   </div>
   <div class='ocr_carea' id='block_1_12' title="bbox 575 3535 610 3554">
    <p class='ocr_par' dir='ltr' id='par_1_12' title="bbox 575 3535 610 3554">
     <span class='ocr_line' id='line_1_27' title="bbox 575 3535 610 3554; baseline 0 0"><span class='ocrx_word' id='word_1_182' title='bbox 575 3535 610 3554; x_wconf 62' lang='grc' dir='ltr'><strong>Δ</strong></span> 
     </span>
    </p>
   </div>
   <div class='ocr_carea' id='block_1_13' title="bbox 207 3583 2118 3703">
    <p class='ocr_par' dir='ltr' id='par_1_13' title="bbox 207 3583 2118 3703">
     <span class='ocr_line' id='line_1_28' title="bbox 367 3583 2118 3636; baseline -0.002 -8"><span class='ocrx_word' id='word_1_183' title='bbox 367 3585 383 3609; x_wconf 89' lang='lat'>¹</span> <span class='ocrx_word' id='word_1_184' title='bbox 406 3587 534 3629; x_wconf 67' lang='lat' dir='ltr'><strong>Juxta</strong></span> <span class='ocrx_word' id='word_1_185' title='bbox 553 3587 655 3626; x_wconf 67' lang='lat' dir='ltr'><strong>laune</strong></span> <span class='ocrx_word' id='word_1_186' title='bbox 752 3599 839 3626; x_wconf 81' lang='lat' dir='ltr'><strong>rum</strong></span> <span class='ocrx_word' id='word_1_187' title='bbox 858 3586 1009 3626; x_wconf 79' lang='lat' dir='ltr'><em>modum</em></span> <span class='ocrx_word' id='word_1_188' title='bbox 1017 3586 1161 3636; x_wconf 80' lang='lat' dir='ltr'><strong>jurare</strong></span> <span class='ocrx_word' id='word_1_189' title='bbox 1179 3583 1325 3635; x_wconf 75' lang='lat' dir='ltr'><strong>debent,</strong></span> <span class='ocrx_word' id='word_1_190' title='bbox 1349 3584 1418 3635; x_wconf 76' lang='lat' dir='ltr'><strong>qui</strong></span> <span class='ocrx_word' id='word_1_191' title='bbox 1445 3585 1613 3624; x_wconf 78' lang='lat' dir='ltr'><em>nondum</em></span> <span class='ocrx_word' id='word_1_192' title='bbox 1633 3585 1756 3624; x_wconf 71' lang='lat' dir='ltr'><strong>aliem?</strong></span> <span class='ocrx_word' id='word_1_193' title='bbox 1774 3586 1950 3626; x_wconf 75' lang='lat' dir='ltr'><strong>missioni</strong></span> <span class='ocrx_word' id='word_1_194' title='bbox 1970 3587 2118 3625; x_wconf 66' lang='lat' dir='ltr'><strong>addicti</strong></span> 
     </span>
     <span class='ocr_line' id='line_1_29' title="bbox 207 3653 388 3703; baseline -0.011 -9"><span class='ocrx_word' id='word_1_195' title='bbox 207 3653 388 3703; x_wconf 74' lang='lat' dir='ltr'><strong>suerint.</strong></span> 
     </span>
    </p>
   </div>
  </div>
 </body>
</html>
