2534 4374
514 452 633 507 136
1071 470 1229 510 coxo.
1276 470 1438 512 Pssov.
1484 471 1707 512 wns'rM.
1754 472 1814 512 11.

502 614 830 679 conjecturis,
867 616 1058 682 quibus
1102 618 1321 667 testium
1346 617 1492 668 dicta
1527 617 2232 686 confirmentur,——publicae
2257 619 2409 670 vocis

504 704 555 747 et
597 699 765 749 famae
802 701 936 750 ratio
973 700 1425 763 habet·ur‚-—certa
1467 702 1608 753 facta
1650 702 1958 754 authentica
1998 704 2217 771 probata
2264 720 2401 770 quae

504 788 728 833 mortem
767 791 1063 852 supponant
1109 787 1494 853 expenduntur.
1570 788 1753 838 Etiam
1789 789 2035 858 contigit,
2070 794 2134 839 ut
2175 789 2399 839 testium

503 868 605 917 fide
631 870 908 936 dignorum
948 871 1105 936 probe
1143 871 1543 922 informatorum
1581 872 1725 922 dicta
1760 876 1996 940 tempore
2030 891 2136 923 non
2161 876 2411 940 suspecto·

502 953 569 1002 ab
593 953 710 1002 aliis
736 960 980 1021 percepta
1006 956 1234 1014 fuerint3
1274 960 1436 1006 testes
1460 960 1643 1006 autem
1678 956 1980 1008 immediati
2004 957 2088 1008 vel
2113 962 2282 1008 morte
2318 957 2400 1008 vel

502 1038 739 1087 absentia
763 1043 858 1088 aut
882 1038 986 1088 alia
1011 1039 1077 1089 de
1102 1056 1255 1089 causa
1280 1041 1451 1090 audiri
1483 1044 1773 1108 nequeant3
1798 1042 2090 1093 habeantur
2120 1059 2238 1093 vero
2257 1041 2403 1092 dicta

504 1123 722 1171 testium
747 1124 813 1173 de
838 1123 1008 1174 alieno
1041 1124 1186 1175 dicto
1223 1126 1619 1192 deponentium,
1643 1127 1737 1194 qui
1771 1132 1969 1190 tamen,
1993 1127 2238 1178 omnibus
2274 1143 2413 1194 pen-

505 1208 647 1269 satis,
673 1208 922 1274 prudenti
948 1209 1132 1259 mortis
1157 1214 1366 1261 secutae
1381 1211 1590 1279 judicio
1615 1214 1742 1263 satis
1766 1229 1873 1263 esse
1898 1215 2222 1263 censeantur.

645 1292 679 1342 J
683 1310 769 1342 am
795 1310 914 1343 vero
939 1311 1062 1345 cum
1086 1295 1153 1345 de
1175 1313 1229 1345 re
1253 1297 1562 1364 gravissima
1593 1302 1781 1366 agatur
1805 1296 2232 1368 (matrimonium
2256 1298 2401 1348 enim

505 1379 570 1427 de
598 1379 718 1444 jure
755 1379 936 1428 divino
973 1379 1337 1431 indissolubile
1373 1398 1500 1445 esse,
1534 1382 1727 1452 dogma
1761 1382 1887 1450 fidei
1923 1386 2020 1446 est,
2057 1386 2217 1449 atque
2252 1381 2401 1432 aliud

505 1463 920 1524 matrimonium,
953 1465 1122 1530 priore
1158 1465 1382 1534 conjuge
1419 1466 1646 1530 vivente,
1672 1484 1778 1518 esse
1812 1483 1920 1518 non
1943 1466 2161 1535 potest),
2186 1465 2240 1517 S.
2267 1465 2414 1518 Con*

504 1549 742 1617 gregatio
767 1549 1001 1617 singulos
1025 1567 1172 1601 casus
1197 1552 1467 1619 expendit,
1491 1554 1690 1605 auditis
1707 1554 1942 1621 plurium
1966 1552 2329 1621 theologorum
2346 1555 2403 1602 et

402 1695 408 1700 ’
497 1635 974 1701 jurisprudentium
1018 1635 1281 1704 suffragiis
1315 1636 1583 1704 judicium
1616 1638 1844 1706 denique
1882 1654 2036 1688 suum
2075 1636 2413 1704 pronuntiat,

507 1738 573 1769 an
600 1720 665 1769 de
691 1719 786 1769 tali
813 1719 964 1770 obitu
989 1720 1116 1770 satis
1141 1725 1362 1784 constet,
1409 1726 1465 1772 et
1506 1722 1643 1773 nihil
1681 1723 1854 1774 obstet
1878 1722 2159 1790 quominus
2195 1722 2402 1790 petenti

509 1806 760 1855 transitus
785 1806 851 1855 ad
876 1805 982 1855 alia
1006 1810 1129 1856 vota
1155 1807 1365 1856 concedi
1392 1808 1574 1874 possit.

649 1890 750 1940 Die
780 1892 842 1940 12
870 1890 1024 1954 Julii,
1053 1892 1207 1941 1822.

1120 2039 1314 2047 -ῌ-ἣῴ
1327 2042 1655 2048 *κ’γ-ν-μ-..ψ
1666 2044 1752 2048 -.d——
1774 2045 1811 2052 .-

1259 2122 1488 2219 PARs
1548 2159 1666 2219 IX.

823 2320 1015 2366 SUPER
1042 2322 1599 2364 INDULGENTIARUM
1625 2321 2098 2366 TRANSLATIONE.

1038 2456 1194 2509 DEG.
1233 2458 1288 2510 S.
1328 2456 1538 2509 CONG.
1581 2458 1884 2510 INDULG.

1209 2605 1383 2647 URBIS
1425 2606 1495 2647 ΕΤ
1539 2606 1721 2647 ORBIS.

660 2745 739 2794 Ex
765 2743 1051 2793 Audientia
1077 2740 1413 2793 Sanctissimi
1438 2743 1525 2792 die
1553 2744 1583 2793 9
1611 2743 1860 2811 Augusti,
1893 2744 2046 2794 1852.

663 2825 805 2877 Cum
821 2828 1063 2893 potestas
1087 2821 1412 2891 conferendi
1429 2821 1817 2889 imdulycntias
1843 2840 1879 2875 α
1906 2822 2119 2876 Christo
2138 2822 2419 2876 Ecclesiae

518 2927 767 2962 concessa
791 2908 864 2961 sit
889 2910 948 2960 in
972 2909 1211 2959 fidelium
1241 2908 1557 2972 utilitatem,
1581 2912 1746 2978 atque
1783 2924 1978 2960 earum
2014 2925 2188 2960 usum
2227 2907 2423 2961 Chris--

518 2996 675 3048 tiano
717 2994 934 3065 populo
984 2993 1227 3046 mamimc
1275 2991 1581 3045 salutarem
1630 3009 1736 3044 esse
1788 2992 2012 3044 affirmet
2066 2981 2247 3044 sancta
2299 2994 2416 3045 Tri-

520 3084 737 3133 dentina
775 3082 1013 3150 Synodus
1055 3081 1195 3147 (seSS.
1221 3080 1308 3141 26,
1335 3078 1489 3129 Decr.
1516 3077 1581 3129 dc
1615 3076 1886 3147 indulq.),
1911 3096 2177 3146 cogruum,
2199 3080 2422 3130 omnino

520 3169 729 3218 videtur
764 3184 919 3218 omne
956 3167 1194 3217 studium
1230 3166 1530 3233 impendere
1577 3168 1641 3214 ut
1676 3164 2051 3232 indulgentiaS,
2087 3180 2219 3231 quae
2267 3180 2426 3214 occa-

522 3255 664 3304 sione
697 3253 900 3303 dierum
937 3253 1190 3302 festorum
1227 3250 1311 3301 vel
1346 3265 1613 3300 concessae
1641 3249 1758 3317 jam
1792 3254 1916 3299 sunt
1940 3248 2024 3299 vel
2048 3248 2424 3312 concedentur,

522 3338 701 3388 fideles
725 3337 934 3388 facilius
971 3337 1180 3387 lucrari·
1195 3336 1416 3403 possint,
1442 3351 1606 3401 eoque
1642 3335 1813 3403 magis
1850 3351 1972 3384 cum
2008 3333 2196 3402 ingens
2232 3333 2415 3400 populi

525 3422 809 3472 Christiani
853 3439 1129 3481 concursus
1165 3422 1232 3471 ad
1269 3437 1331 3471 ea
1374 3419 1532 3469 Festa
1574 3418 1881 3469 celebranda
1925 3417 2219 3468 conveniat.
2291 3415 2327 3467 J
2328 3434 2416 3467 am

524 3525 641 3557 vero
690 3525 829 3570 cum,
876 3507 973 3557 hac
1023 3510 1199 3557 nostra
1250 3504 1555 3572 praesertim
1601 3507 1794 3566 aetate,
1849 3503 2080 3553 maxime
2140 3502 2207 3552 ob
2254 3502 2427 3552 eccle·

524 3591 758 3641 siasticas
782 3591 1154 3642 conventiones
1179 3590 1245 3640 ab
1272 3588 1572 3656 Apostolica
1597 3587 1730 3638 Sede
1755 3603 1876 3637 cum
1902 3588 2089 3636 exteris
2114 3587 2419 3636 nationibus

524 3676 703 3737 initaS,
728 3675 1003 3726 Festorum
1022 3675 1296 3742 legitimae
1322 3673 1687 3723 translationes
1712 3675 1983 3722 occurrant
2002 3688 2016 3731 ;
2043 3675 2098 3721 et
2122 3670 2417 3738 generatim

524 3777 647 3810 cum
671 3777 763 3827 per
785 3759 1088 3827 hujusmodi
1131 3758 1496 3809 translationes
1537 3774 1600 3808 ex
1616 3755 1780 3824 justis
1805 3756 1990 3818 causiS,
2015 3755 2210 3805 debitis
2234 3758 2420 3804 tamen
