2534 4374
434 404 561 463 212
1002 422 1162 464 coNC.
1206 422 1371 464 PRov.
1416 421 1635 465 WEs'rM.
1682 423 1765 464 1v.

432 572 638 640 integro
686 572 855 622 animi
905 572 1152 639 obsequio
1199 576 1256 622 et
1304 572 1657 634 veneratione,
1701 571 1912 639 Synodo
1954 577 2132 624 nostra
2181 576 2335 636 teste,

428 656 840 723 amplectimur3
904 656 1216 722 easdemque
1264 656 1586 706 adamussim
1634 656 1737 723 ipsi
1787 657 2125 720 servabimus,
2168 660 2222 707 et
2271 657 2339 708 ab

428 742 552 792 aliis
575 746 641 792 ut
666 746 935 791 serventur
959 744 1222 807 quantum
1247 741 1307 790 in
1331 741 1482 792 nobis
1507 745 1588 791 est
1613 745 1930 809 satagemus·

577 831 628 878 4.
679 827 840 877 Faxit
883 826 1161 890 DominuS,
1200 826 1386 877 Pastor
1434 831 1490 877 et
1534 827 1826 894 Episcopus
1875 829 2172 878 animarum
2219 845 2340 880 nos-
2409 860 2425 867 ae
2446 830 2461 845 “

430 916 650 974 trarum,
687 916 768 975 ut,
807 910 1015 979 Spiritu
1059 909 1254 962 Sancto
1297 911 1702 962 infirmitatibus
1745 913 1936 962 nostris
1975 913 2109 964 vires
2152 914 2340 964 minis-

434 1002 624 1059 trante,
649 1014 831 1047 omnes
866 998 1098 1047 muneris
1135 998 1302 1047 nostri
1326 1001 1499 1064 partes
1523 996 1746 1047 firmiter
1770 1001 1826 1046 et
1851 995 2079 1048 fideliter
2103 999 2171 1048 ad
2198 999 2339 1049 vitae

430 1083 638 1133 exitum
670 1081 1073 1149 adimpleamuS,
1099 1085 1172 1145 et,
1196 1082 1513 1133 adveniente
1537 1081 1783 1144 Domin0‚
1808 1080 2150 1133 villicationis
2187 1082 2339 1134 nobis

431 1169 743 1220 commissae
767 1168 1029 1219 rationem
1053 1185 1177 1218 cum
1200 1167 1397 1236 gaudio
1422 1168 1635 1218 reddere
1660 1166 1945 1217 valeamus.

1091 1465 1495 1518 DECRETUM
1533 1429 1714 1544 an⁴

1186 1605 1266 1657 De
1294 1604 1594 1675 Capitulis,

579 1755 647 1806 In
684 1754 857 1822 prima
892 1751 1440 1803 Westmonasteriensi
1486 1750 1697 1818 Synodo
1733 1753 1801 1803 de
1839 1755 2115 1818 erectione,
2140 1755 2342 1826 obliga-

434 1841 671 1893 tionibus
690 1844 746 1890 et
769 1837 1062 1906 privilegiis
1080 1835 1447 1904 capitulorum
1465 1835 1859 1889 Cathedralium
1875 1840 1993 1908 jam
2013 1841 2141 1892 satis
2159 1845 2342 1892 actum

433 1933 493 1978 et
531 1929 799 1978 statutum
838 1928 950 1984 est3
1000 1927 1241 1973 attamen
1280 1923 1604 1990 experientia
1641 1924 1815 1974 edocti
1840 1925 2020 1992 aliqua
2045 1925 2342 1994 adjicienda

437 2012 521 2063 vel
545 2009 847 2061 adnotanda
871 2024 1158 2059 censemus·

586 2099 632 2147 1.
682 2095 919 2146 Maxime
944 2093 1237 2143 laudandus
1262 2097 1344 2142 est
1367 2093 1649 2161 singularis
1686 2093 1778 2144 ille
1818 2094 1958 2145 zelus
1996 2113 2101 2163 quo
2139 2096 2344 2164 obliga-

435 2183 609 2233 tiones
625 2196 742 2232 suas
758 2178 1073 2247 capitulares
1092 2177 1390 2245 implevisse
1409 2177 1705 2229 luculenter
1719 2184 1945 2243 constat,
1961 2197 2021 2231 eo
2035 2183 2343 2248 praesertim

434 2268 579 2336 quod
602 2283 757 2318 nemo
781 2266 992 2334 ignorat
1015 2266 1147 2331 quot
1171 2263 1491 2330 quantisque
1527 2262 1933 2316 difficultatibus
1972 2266 2197 2317 obnoxia
2235 2266 2344 2317 sint

436 2370 619 2404 eorum
657 2367 904 2402 munera:
955 2350 1097 2400 inter
1132 2365 1263 2415 quas
1301 2349 1580 2415 praecipue
1618 2351 1962 2401 recensendus
1999 2357 2078 2402 est
2107 2352 2344 2403 defectus

438 2439 867 2507 praebendarum,
906 2452 1010 2503 quo
1057 2434 1123 2485 fit
1169 2438 1252 2497 ut,
1291 2450 1460 2501 quum
1507 2435 1652 2501 apud
1701 2434 1962 2487 Ecclesias
2012 2435 2344 2488 Cathedrales

437 2525 679 2576 canonici
712 2525 897 2592 degere
933 2538 1042 2573 non
1079 2520 1302 2588 possint,
1327 2520 1588 2572 laboribus
1629 2522 1960 2585 missionum,
1985 2523 2344 2593 collegiorum,

440 2611 767 2677 aliorumque
815 2606 1287 2658 ecclesiasticorum
1329 2604 1619 2655 officiorum
1668 2606 1888 2670 addicti,
1927 2624 2022 2674 per
2064 2609 2344 2660 dioecesim

437 2695 677 2761 undique
738 2693 1078 2743 inveniantur
1125 2691 1363 2757 dispersi,
1412 2694 1469 2740 et
1517 2695 1730 2758 propter
1778 2692 1931 2742 hasce
1979 2696 2036 2742 et
2085 2693 2344 2761 ejusmodi

439 2781 669 2831 rationes
718 2778 786 2828 ab
834 2793 988 2828 onere
1035 2775 1346 2827 residentiae
1395 2779 1452 2826 et
1500 2775 1646 2826 chori
1695 2776 2012 2827 auctoritate
2059 2777 2345 2830 Pontificia

442 2882 638 2934 magna
661 2881 725 2914 ex
747 2866 899 2930 parte
923 2863 1241 2912 eximantur.

585 2947 935 3000 Meminerint
958 2951 1139 2997 tamen
1164 2962 1251 2997 eos
1274 2946 1368 3013 qui
1404 2945 1621 2995 honores
1648 2949 1702 2994 et
1727 2943 1900 2994 officia
1927 2946 2026 2996 sibi
2051 2951 2346 3011 assumunt,

442 3055 504 3088 eo
528 3037 642 3104 ipso
667 3034 831 3085 etiam
855 3048 1011 3082 onera
1034 3048 1295 3081 assumere
1315 3047 1330 3091 3
1367 3033 1424 3080 et
1447 3031 1723 3080 canonicos
1738 3030 1898 3097 juxta
1917 3034 2121 3081 statuta
2138 3032 2347 3099 capitu-

365 3156 369 3158 -
441 3123 574 3173 laria
597 3119 767 3171 teneri
792 3116 1014 3186 singulis
1038 3114 1306 3166 mensibus
1331 3115 1417 3165 die
1441 3115 1509 3165 ab
1532 3114 1795 3181 Episcopo
1833 3118 2036 3165 statuto
2073 3114 2227 3167 choro
2262 3117 2346 3167 in-
2442 3145 2448 3150 -

444 3213 632 3258 teresse
652 3208 707 3255 et
722 3202 936 3254 sessioni
951 3200 1233 3269 capitulari
1248 3199 1504 3262 assistere,
1519 3199 1623 3249 nisi
1640 3199 1969 3249 obtinuerint
1984 3200 2051 3250 ab
2068 3201 2346 3269 Episcop0‚

433 3292 597 3359 juxta
621 3288 935 3340 facultatem
958 3303 990 3336 a
1016 3285 1070 3337 S.
1096 3284 1232 3337 Sede
1256 3285 1590 3347 concessam,¹
1614 3283 1884 3334 absentiae
1908 3285 2133 3336 veniam.

589 3375 741 3436 Quod
778 3374 824 3424 si
860 3376 1071 3440 propter
1105 3387 1287 3440 graves
1311 3369 1514 3437 aliquas
1537 3368 1765 3418 rationes
1792 3367 2038 3436 Capit-ulo
2063 3370 2148 3420 die
2173 3372 2347 3440 desig-

443 3466 573 3512 nato
598 3460 774 3511 adesse
797 3475 905 3509 non
928 3457 1151 3525 possint,
1170 3455 1508 3507 secretarium
1529 3452 1767 3521 Capituli
1793 3453 1858 3504 de
1883 3455 2052 3504 causis
2076 3455 2346 3508 absentiae

780 3611 958 3660 Rem-ip.
982 3610 1024 3650 S.
1050 3610 1167 3661 Conq.
1190 3610 1236 3648 de
1254 3609 1376 3658 Prop.
1397 3607 1510 3657 Fide,
1532 3604 1601 3646 die
1620 3607 1668 3644 21
1689 3604 1898 3657 Januarii,
1925 3607 2041 3647 1855.
