2534 4374
691 489 1005 534 Pnocnssus
1046 491 1110 533 m
1152 492 1344 536 oms1s
1385 493 1632 537 mmm.
1983 478 2111 538 405

359 637 419 691 Si
442 639 572 690 alios
601 639 767 690 etiam
799 638 1051 691 Defensor
1083 639 1418 693 Matrimonii
1452 660 1515 694 ex
1552 644 1686 696 actis
1710 645 1827 713 jam
1862 647 2115 696 confectis

213 724 568 792 deprehendet
592 724 658 775 de
681 741 737 775 re
774 724 1077 787 instructos,
1102 726 1195 777 hos
1218 728 1384 779 etiam
1410 729 1619 793 citabit,
1643 734 1708 781 ut
1740 730 1971 782 examini
1998 730 2121 781 sub-

205 810 483 878 jiciantur.
558 809 617 863 Si
653 810 747 877 qui
783 810 955 861 forsan
991 811 1231 862 absentes
1264 819 1564 878 noscantur,
1604 815 1698 883 qui
1736 816 2011 866 commode
2050 816 2114 866 ad

216 895 504 949 Civitatem
528 896 770 947 accedere
794 901 1057 963 nequeant
1083 898 1246 947 etiam
1271 898 1340 949 ob
1356 899 1644 951 distantiae
1664 907 1923 968 sumptuS‚
1944 901 2028 952 vel
2052 902 2119 951 ad

215 983 381 1051 partis
405 982 718 1033 instantiam
744 980 846 1043 vel,
864 979 927 1031 ea
951 981 1159 1043 silente,
1177 984 1245 1034 ad
1271 984 1585 1036 instantiam
1611 985 1906 1037 Defensoris
1931 986 2120 1037 Matri-

216 1067 402 1131 monii,
445 1070 602 1118 erunt
648 1066 717 1117 ab
764 1066 1025 1134 Episcopo
1074 1067 1220 1119 illius
1263 1068 1524 1121 Dioecesis
1573 1072 1630 1122 in
1678 1089 1784 1140 qua
1833 1077 2122 1134 morantur,

214 1153 552 1207 examinandi
568 1152 729 1221 juxta
747 1152 1149 1222 interrogatoria
1172 1154 1241 1204 ab
1265 1154 1451 1205 eodem
1477 1155 1758 1208 Defensore
1777 1157 2122 1218 conficienda,

215 1257 276 1291 ac
311 1239 488 1290 clausa
521 1242 578 1289 et
610 1237 891 1305 obsignata
928 1238 1356 1302 transmittenda,
1382 1240 1639 1307 deputato
1663 1241 1731 1291 ab
1754 1242 1938 1293 eodem
1964 1240 2121 1309 Epis-

214 1345 345 1396 copo
380 1326 543 1378 altero
575 1325 765 1376 idoneo
798 1324 930 1387 vim,
967 1326 1061 1392 qui
1095 1330 1326 1392 praestet
1359 1327 1625 1394 requisitis
1651 1328 1707 1379 in
1732 1327 1890 1379 Bulla
1915 1329 2122 1395 saepius

215 1411 433 1464 laudata
469 1410 524 1463 S.
560 1410 640 1461 M.
679 1409 845 1461 Bend.
884 1410 1036 1461 XIV.
1072 1412 1426 1479 praescriptis,
1459 1414 1656 1481 quique
1682 1414 1891 1481 expleat
1928 1430 2123 1464 munus

214 1497 511 1550 Defensoris
536 1495 830 1548 validitatis
855 1497 1204 1561 matrimonii,
1230 1502 1287 1548 et
1311 1499 1545 1549 examini
1570 1500 1796 1550 intersit.

360 1596 555 1649 Omnes
603 1611 724 1646 vero
772 1598 952 1657 testes,
1003 1611 1234 1664 congrua
1276 1597 1520 1665 congruis
1569 1597 1852 1659 referend0‚
1901 1598 2119 1666 rogandi

215 1688 370 1736 erunt
416 1680 727 1751 praesertim
769 1680 979 1748 quando
1020 1681 1220 1732 initum
1263 1680 1424 1732 fuerit
1464 1681 1892 1741 Matrimonium,
1940 1688 2119 1733 utrum

214 1772 355 1822 inter
396 1767 659 1837 Conjuges
696 1767 877 1817 mutui
919 1767 1111 1817 amoris
1153 1770 1211 1817 et
1251 1766 1632 1819 benevolentiae
1677 1768 1828 1836 signa
1877 1769 2124 1819 interces-

216 1855 411 1915 serint3
448 1853 707 1922 quamdiu
745 1853 804 1903 in
843 1851 1031 1903 eadem
1070 1852 1247 1915 dom0‚
1273 1852 1356 1903 vel
1398 1850 1633 1904 Civitate
1671 1853 2123 1913 cohabitaverint;

213 1944 396 1993 utrum
434 1938 729 1990 innotuerit
768 1954 853 1989 eos
892 1938 1341 1989 consummationi
1378 1954 1591 2006 operam
1631 1938 1866 1999 dedisse3
1904 1954 1972 1988 an
1996 1938 2121 1988 inde

213 2026 615 2078 matrimonium
655 2028 1085 2075 consummatum
1124 2027 1453 2084 censeretur3
1491 2024 1558 2075 de
1590 2024 1760 2074 causis
1794 2040 2125 2074 consumma-

212 2114 418 2165 tionem
443 2108 805 2178 impeditivis;
843 2109 910 2159 de
944 2109 1423 2176 conquestionibus,
1457 2109 1668 2177 quando
1700 2114 1755 2158 et
1779 2126 1902 2159 cum
1927 2108 2124 2176 quibus

213 2199 388 2260 factiS,
412 2199 469 2247 et
493 2212 585 2246 cur
607 2194 783 2245 nolint
807 2193 1037 2262 amplius
1063 2194 1120 2245 in
1145 2194 1492 2245 Matrimonio
1517 2210 1835 2262 permanere.

360 2297 418 2348 Si
460 2294 669 2364 querela
712 2310 865 2361 super
908 2292 1231 2360 impotentia
1273 2299 1522 2357 versetur,
1564 2294 1924 2363 interrogandi
1966 2298 2122 2344 erunt

214 2385 375 2454 periti
399 2382 625 2451 physici,
649 2397 778 2449 quos
802 2380 1053 2448 conjuges
1077 2378 1468 2430 consuluerunt.

358 2497 388 2526 ⁴.
677 2494 707 2523 ὓ
996 2494 1024 2521 ὕ
1315 2493 1344 2521 1
1632 2493 1662 2523 ff
1949 2494 1980 2523 Ο

359 2589 631 2652 Quatenus
679 2587 947 2639 Defensori
995 2586 1333 2638 Matrimonii
1391 2586 1540 2638 nulla
1589 2587 1694 2637 alia
1744 2587 1983 2655 probatio
2032 2604 2124 2638 ex-

213 2676 469 2745 quirenda
501 2675 760 2737 videatur,
798 2672 1110 2739 nullamque
1142 2676 1302 2739 putet
1331 2672 1494 2723 aliam
1525 2671 1560 2723 J
1562 2672 1698 2723 udex
1722 2690 1829 2740 prae
1865 2672 1959 2723 sua
1991 2673 2116 2723 dili-

213 2760 399 2832 gentia
430 2758 815 2821 assumendam,
847 2757 970 2808 finis
994 2758 1302 2825 imponetur
1334 2757 1708 2824 probationum
1738 2758 2040 2808 collectioni
2065 2763 2121 2808 et

213 2846 572 2916 publicabitur
607 2860 891 2912 processus»,
928 2843 1074 2894 edito
1111 2860 1266 2910 super
1295 2843 1412 2905 hoc,
1447 2844 1657 2894 decreto
1695 2860 1727 2893 a
1757 2843 1792 2894 J
1796 2844 1970 2906 udice,
2008 2844 2119 2894 fac-

212 2933 387 3000 tisque
407 2929 881 2997 subscriptionibus
904 2929 973 2980 ab
991 2928 1089 2991 Eo,
1107 2945 1140 2979 a
1164 2928 1445 2979 Defensore
1470 2928 1825 2992 Matrimonii,
1849 2934 1905 2980 et
1929 2946 1961 2979 a
1987 2928 2121 2981 Can-

215 3017 441 3069 cellari0.
515 3016 663 3066 Haec
692 3014 933 3066 habenda
963 3014 1260 3065 methodus.
1335 3013 1481 3075 Quae
1511 3015 1568 3065 in
1601 3016 1734 3066 actis
1768 3017 2125 3077 continentur,

213 3102 436 3164 nemini,
479 3118 575 3152 nec
615 3101 742 3168 ipsis
791 3100 1010 3167 quidem
1060 3099 1376 3169 conjugibus
1415 3117 1700 3167 eorumque
1749 3100 2121 3151 Defensoribus

213 3191 371 3238 erunt
389 3185 846 3248 communicanda,
871 3189 997 3236 ante
1022 3186 1285 3252 processus
1310 3186 1746 3253 publicationem,
1771 3203 1878 3237 uno
1903 3192 2124 3253 excepto

214 3272 496 3324 Defensore
525 3271 877 3333 Matrimonii,
911 3271 999 3322 cui
1033 3271 1198 3322 libera
1227 3289 1430 3339 semper
1461 3276 1518 3322 et
1551 3272 1990 3339 quandocumque
2020 3272 2123 3322 erit

214 3363 453 3409 actorum
476 3356 736 3423 inspectio
761 3360 817 3406 et
842 3372 1080 3406 examen„

359 3456 529 3508 Locus
588 3456 793 3525 deinde*
839 3456 938 3506 erit
1001 3456 1406 3508 defensionibus,
1506 3455 1757 3507 Liberum
1805 3457 1970 3506 etiam
2020 3456 2122 3506 erit

214 3541 485 3592 Defensori
523 3540 876 3603 Matrimonii,
916 3545 1035 3608 post
1067 3542 1332 3608 processus
1356 3541 1793 3608 publicationem,
1819 3558 1978 3591 novas
2003 3559 2126 3608 pro-

214 3626 454 3676 bationes
500 3625 783 3693 exquirere,
827 3642 951 3676 cum
994 3630 1123 3695 agat
1159 3626 1333 3677 favore
1372 3625 1717 3689 Sacramenti,
1756 3632 1811 3676 et
1846 3642 2119 3693 nunquam

213 3714 341 3766 bina
365 3714 632 3766 sententia
655 3714 925 3766 nullitatis
951 3715 1232 3766 conformis
1254 3719 1487 3766 transeat
1509 3715 1569 3766 in
1593 3731 1703 3766 rem
1719 3714 2040 3782 judicatam,
2059 3731 2123 3765 ac
