<?xml version="1.0" encoding="UTF-8"?>
<!DOCTYPE html PUBLIC "-//W3C//DTD XHTML 1.0 Transitional//EN"
    "http://www.w3.org/TR/xhtml1/DTD/xhtml1-transitional.dtd">
<html xmlns="http://www.w3.org/1999/xhtml" xml:lang="en" lang="en">
 <head>
  <title>
</title>
<meta http-equiv="Content-Type" content="text/html;charset=utf-8" />
  <meta name='ocr-system' content='tesseract 3.04.00' />
  <meta name='ocr-capabilities' content='ocr_page ocr_carea ocr_par ocr_line ocrx_word'/>
</head>
<body>
  <div class='ocr_page' id='page_1' title='image "a613744800cathuoft_0475.png"; bbox 0 0 2534 4374; ppageno 0'>
   <div class='ocr_carea' id='block_1_1' title="bbox 144 476 2055 1060">
    <p class='ocr_par' dir='ltr' id='par_1_1' title="bbox 1000 476 2046 536">
     <span class='ocr_line' id='line_1_1' title="bbox 1000 476 2046 536; baseline 0.001 -2"><span class='ocrx_word' id='word_1_1' title='bbox 1000 491 1205 535; x_wconf 71' lang='lat' dir='ltr'><strong>max,</strong></span> <span class='ocrx_word' id='word_1_2' title='bbox 1959 476 2046 536; x_wconf 88' lang='lat' dir='ltr'><strong>iii.</strong></span> 
     </span>
    </p>

    <p class='ocr_par' dir='ltr' id='par_1_2' title="bbox 144 636 2055 1060">
     <span class='ocr_line' id='line_1_2' title="bbox 146 636 2053 694; baseline -0.005 -7"><span class='ocrx_word' id='word_1_3' title='bbox 146 645 371 688; x_wconf 62' lang='lat' dir='ltr'><strong>Officium</strong></span> <span class='ocrx_word' id='word_1_4' title='bbox 388 654 427 683; x_wconf 82' lang='grc' dir='ltr'><strong>ο.</strong></span> <span class='ocrx_word' id='word_1_5' title='bbox 449 639 709 694; x_wconf 84' lang='lat' dir='ltr'><strong>Capitulum.</strong></span> <span class='ocrx_word' id='word_1_6' title='bbox 1253 636 1302 679; x_wconf 83' lang='lat' dir='ltr'><strong>in</strong></span> <span class='ocrx_word' id='word_1_7' title='bbox 1329 637 1573 689; x_wconf 72' lang='lat' dir='ltr'><strong>cathedrali,</strong></span> <span class='ocrx_word' id='word_1_8' title='bbox 1596 640 1650 689; x_wconf 78' lang='lat' dir='ltr'><strong>ib,</strong></span> <span class='ocrx_word' id='word_1_9' title='bbox 1674 641 1739 679; x_wconf 81' lang='lat'><strong>53.</strong></span> <span class='ocrx_word' id='word_1_10' title='bbox 1798 639 2053 692; x_wconf 68' lang='lat' dir='ltr'><strong>capitularis</strong></span> 
     </span>
     <span class='ocr_line' id='line_1_3' title="bbox 395 710 2048 765; baseline -0.002 -10"><span class='ocrx_word' id='word_1_11' title='bbox 395 725 657 761; x_wconf 67' lang='lat' dir='ltr'><strong>nononum,</strong></span> <span class='ocrx_word' id='word_1_12' title='bbox 687 710 1001 765; x_wconf 77' lang='lat' dir='ltr'><strong>v.capitu1um.</strong></span> <span class='ocrx_word' id='word_1_13' title='bbox 1253 717 1498 763; x_wconf 80' lang='lat' dir='ltr'><strong>conventus,</strong></span> <span class='ocrx_word' id='word_1_14' title='bbox 1534 716 1573 764; x_wconf 90' lang='lat'><strong>8,</strong></span> <span class='ocrx_word' id='word_1_15' title='bbox 1613 715 1786 763; x_wconf 80' lang='grc'><strong>44-47,</strong></span> <span class='ocrx_word' id='word_1_16' title='bbox 1827 716 1914 762; x_wconf 90' lang='grc'><strong>128,</strong></span> <span class='ocrx_word' id='word_1_17' title='bbox 1958 716 2048 753; x_wconf 81' lang='lat'>212.</span> 
     </span>
     <span class='ocr_line' id='line_1_4' title="bbox 144 785 2053 839; baseline -0.003 -7"><span class='ocrx_word' id='word_1_18' title='bbox 144 793 476 834; x_wconf 55' lang='lat' dir='ltr'><strong>fixos-monuit</strong></span> <span class='ocrx_word' id='word_1_19' title='bbox 516 798 774 838; x_wconf 77' lang='lat' dir='ltr'><strong>meme-no,</strong></span> <span class='ocrx_word' id='word_1_20' title='bbox 818 799 856 827; x_wconf 81' lang='lat' dir='ltr'><strong>v.</strong></span> <span class='ocrx_word' id='word_1_21' title='bbox 896 785 1022 839; x_wconf 84' lang='lat' dir='ltr'><strong>Capi·</strong></span> <span class='ocrx_word' id='word_1_22' title='bbox 1255 787 1457 828; x_wconf 74' lang='lat' dir='ltr'><strong>canonici</strong></span> <span class='ocrx_word' id='word_1_23' title='bbox 1476 788 1703 838; x_wconf 83' lang='lat' dir='ltr'><strong>honorarii,</strong></span> <span class='ocrx_word' id='word_1_24' title='bbox 1727 792 1766 829; x_wconf 86' lang='grc'><strong>9.</strong></span> <span class='ocrx_word' id='word_1_25' title='bbox 1826 788 2053 828; x_wconf 79' lang='lat' dir='ltr'><strong>Canonico·</strong></span> 
     </span>
     <span class='ocr_line' id='line_1_5' title="bbox 258 861 2052 915; baseline -0.003 -9"><span class='ocrx_word' id='word_1_26' title='bbox 258 865 414 907; x_wconf 85' lang='lat' dir='ltr'><strong>tulum.</strong></span> <span class='ocrx_word' id='word_1_27' title='bbox 1256 873 1352 900; x_wconf 82' lang='lat' dir='ltr'><strong>rum</strong></span> <span class='ocrx_word' id='word_1_28' title='bbox 1379 861 1497 901; x_wconf 79' lang='lat' dir='ltr'><strong>nulla</strong></span> <span class='ocrx_word' id='word_1_29' title='bbox 1528 861 1758 911; x_wconf 86' lang='lat' dir='ltr'><strong>distinctio,</strong></span> <span class='ocrx_word' id='word_1_30' title='bbox 1800 864 1851 902; x_wconf 78' lang='lat' dir='ltr'><strong>ib.</strong></span> <span class='ocrx_word' id='word_1_31' title='bbox 1927 862 2052 915; x_wconf 77' lang='lat' dir='ltr'><strong>Capi-</strong></span> 
     </span>
     <span class='ocr_line' id='line_1_6' title="bbox 145 936 2055 986; baseline -0.004 -5"><span class='ocrx_word' id='word_1_32' title='bbox 145 940 406 981; x_wconf 57' lang='lat' dir='ltr'><strong>cinomcus</strong></span> <span class='ocrx_word' id='word_1_33' title='bbox 429 937 846 986; x_wconf 60' lang='lat' dir='ltr'><strong>Possim-rimus,</strong></span> <span class='ocrx_word' id='word_1_34' title='bbox 860 936 979 986; x_wconf 83' lang='lat'><strong>8,43,</strong></span> <span class='ocrx_word' id='word_1_35' title='bbox 994 936 1060 975; x_wconf 84' lang='grc'><strong>54.</strong></span> <span class='ocrx_word' id='word_1_36' title='bbox 1257 936 1412 976; x_wconf 87' lang='lat' dir='ltr'><strong>tularia</strong></span> <span class='ocrx_word' id='word_1_37' title='bbox 1465 940 1625 978; x_wconf 85' lang='lat' dir='ltr'><strong>statuta</strong></span> <span class='ocrx_word' id='word_1_38' title='bbox 1683 937 1954 986; x_wconf 70' lang='lat' dir='ltr'><strong>observanda,</strong></span> <span class='ocrx_word' id='word_1_39' title='bbox 2009 938 2055 974; x_wconf 73' lang='lat' dir='ltr'><strong>ib.</strong></span> 
     </span>
     <span class='ocr_line' id='line_1_7' title="bbox 438 1010 1063 1060; baseline -0.003 -9"><span class='ocrx_word' id='word_1_40' title='bbox 438 1010 720 1051; x_wconf 66' lang='lat' dir='ltr'><strong>Tnaonoous.</strong></span> <span class='ocrx_word' id='word_1_41' title='bbox 779 1039 790 1050; x_wconf 88' lang='lat'>.</span> <span class='ocrx_word' id='word_1_42' title='bbox 849 1011 888 1060; x_wconf 90' lang='lat'><strong>8,</strong></span> <span class='ocrx_word' id='word_1_43' title='bbox 908 1011 975 1060; x_wconf 89' lang='grc'><strong>43,</strong></span> <span class='ocrx_word' id='word_1_44' title='bbox 998 1011 1063 1050; x_wconf 84' lang='grc'><strong>64.</strong></span> 
     </span>
    </p>
   </div>
   <div class='ocr_carea' id='block_1_2' title="bbox 154 738 368 753">
    <p class='ocr_par' dir='ltr' id='par_1_3' title="bbox 154 738 368 753">
     <span class='ocr_line' id='line_1_8' title="bbox 154 738 368 753; baseline 0 3621"><span class='ocrx_word' id='word_1_45' title='bbox 154 738 368 753; x_wconf 95' lang='lat' dir='ltr'><strong> </strong></span> 
     </span>
    </p>
   </div>
   <div class='ocr_carea' id='block_1_3' title="bbox 270 1033 419 1043">
    <p class='ocr_par' dir='ltr' id='par_1_4' title="bbox 270 1033 419 1043">
     <span class='ocr_line' id='line_1_9' title="bbox 270 1033 419 1043; baseline 0 0"><span class='ocrx_word' id='word_1_46' title='bbox 270 1033 419 1043; x_wconf 95' lang='lat' dir='ltr'><strong> </strong></span> 
     </span>
    </p>
   </div>
   <div class='ocr_carea' id='block_1_4' title="bbox 157 1036 263 1045">
    <p class='ocr_par' dir='ltr' id='par_1_5' title="bbox 157 1036 263 1045">
     <span class='ocr_line' id='line_1_10' title="bbox 157 1036 263 1045; baseline 0 3329"><span class='ocrx_word' id='word_1_47' title='bbox 157 1036 263 1045; x_wconf 95' lang='lat' dir='ltr'><strong> </strong></span> 
     </span>
    </p>
   </div>
   <div class='ocr_carea' id='block_1_5' title="bbox 164 2677 325 2686">
    <p class='ocr_par' dir='ltr' id='par_1_6' title="bbox 164 2677 325 2686">
     <span class='ocr_line' id='line_1_11' title="bbox 164 2677 325 2686; baseline 0 1688"><span class='ocrx_word' id='word_1_48' title='bbox 164 2677 325 2686; x_wconf 95' lang='lat' dir='ltr'><strong> </strong></span> 
     </span>
    </p>
   </div>
   <div class='ocr_carea' id='block_1_6' title="bbox 167 2752 326 2760">
    <p class='ocr_par' dir='ltr' id='par_1_7' title="bbox 167 2752 326 2760">
     <span class='ocr_line' id='line_1_12' title="bbox 167 2752 326 2760; baseline 0 0"><span class='ocrx_word' id='word_1_49' title='bbox 167 2752 326 2760; x_wconf 95' lang='lat' dir='ltr'><strong> </strong></span> 
     </span>
    </p>
   </div>
   <div class='ocr_carea' id='block_1_7' title="bbox 166 2827 327 2836">
    <p class='ocr_par' dir='ltr' id='par_1_8' title="bbox 166 2827 327 2836">
     <span class='ocr_line' id='line_1_13' title="bbox 166 2827 327 2836; baseline 0 1538"><span class='ocrx_word' id='word_1_50' title='bbox 166 2827 327 2836; x_wconf 95' lang='lat' dir='ltr'><strong> </strong></span> 
     </span>
    </p>
   </div>
   <div class='ocr_carea' id='block_1_8' title="bbox 171 2901 327 2911">
    <p class='ocr_par' dir='ltr' id='par_1_9' title="bbox 171 2901 327 2911">
     <span class='ocr_line' id='line_1_14' title="bbox 171 2901 327 2911; baseline 0 0"><span class='ocrx_word' id='word_1_51' title='bbox 171 2901 327 2911; x_wconf 95' lang='lat' dir='ltr'><strong> </strong></span> 
     </span>
    </p>
   </div>
   <div class='ocr_carea' id='block_1_9' title="bbox 145 1082 1065 1131">
    <p class='ocr_par' dir='ltr' id='par_1_10' title="bbox 145 1082 1065 1131">
     <span class='ocr_line' id='line_1_15' title="bbox 145 1082 1065 1131; baseline -0.008 -2"><span class='ocrx_word' id='word_1_52' title='bbox 145 1087 328 1129; x_wconf 60' lang='grc' dir='ltr'><strong>ΟΑκτυε</strong></span> <span class='ocrx_word' id='word_1_53' title='bbox 378 1085 751 1131; x_wconf 67' lang='lat' dir='ltr'><strong>Emmaus-ricus,</strong></span> <span class='ocrx_word' id='word_1_54' title='bbox 805 1085 900 1124; x_wconf 86' lang='lat'>239.</span> <span class='ocrx_word' id='word_1_55' title='bbox 957 1082 1065 1123; x_wconf 85' lang='lat' dir='ltr'><strong>Oan-</strong></span> 
     </span>
    </p>
   </div>
   <div class='ocr_carea' id='block_1_10' title="bbox 261 1156 1074 2770">
    <p class='ocr_par' dir='ltr' id='par_1_11' title="bbox 261 1156 1073 2632">
     <span class='ocr_line' id='line_1_16' title="bbox 261 1156 1067 1212; baseline -0.006 -10"><span class='ocrx_word' id='word_1_56' title='bbox 261 1162 333 1203; x_wconf 75' lang='lat' dir='ltr'><strong>tus</strong></span> <span class='ocrx_word' id='word_1_57' title='bbox 370 1158 659 1212; x_wconf 84' lang='lat' dir='ltr'><strong>Gregorianus</strong></span> <span class='ocrx_word' id='word_1_58' title='bbox 694 1158 740 1199; x_wconf 89' lang='lat' dir='ltr'><strong>in</strong></span> <span class='ocrx_word' id='word_1_59' title='bbox 772 1158 933 1211; x_wconf 85' lang='lat' dir='ltr'><strong>Anglia</strong></span> <span class='ocrx_word' id='word_1_60' title='bbox 963 1156 1067 1198; x_wconf 88' lang='lat' dir='ltr'><strong>olim</strong></span> 
     </span>
     <span class='ocr_line' id='line_1_17' title="bbox 261 1232 1068 1285; baseline -0.004 -10"><span class='ocrx_word' id='word_1_61' title='bbox 261 1233 452 1285; x_wconf 84' lang='lat' dir='ltr'><strong>florebat,</strong></span> <span class='ocrx_word' id='word_1_62' title='bbox 468 1235 561 1274; x_wconf 88' lang='grc'><strong>240.</strong></span> <span class='ocrx_word' id='word_1_63' title='bbox 607 1232 768 1274; x_wconf 85' lang='lat' dir='ltr'><strong>Cantus</strong></span> <span class='ocrx_word' id='word_1_64' title='bbox 780 1232 1068 1284; x_wconf 84' lang='lat' dir='ltr'><strong>Gregorianus</strong></span> 
     </span>
     <span class='ocr_line' id='line_1_18' title="bbox 262 1307 1068 1361; baseline -0.005 -10"><span class='ocrx_word' id='word_1_65' title='bbox 262 1308 540 1351; x_wconf 86' lang='lat' dir='ltr'><strong>missionariis</strong></span> <span class='ocrx_word' id='word_1_66' title='bbox 575 1307 773 1361; x_wconf 83' lang='lat' dir='ltr'><strong>Anglicis</strong></span> <span class='ocrx_word' id='word_1_67' title='bbox 818 1307 921 1348; x_wconf 90' lang='lat' dir='ltr'><strong>olim</strong></span> <span class='ocrx_word' id='word_1_68' title='bbox 957 1319 1068 1348; x_wconf 90' lang='lat' dir='ltr'><strong>com-</strong></span> 
     </span>
     <span class='ocr_line' id='line_1_19' title="bbox 263 1381 1069 1435; baseline -0.006 -8"><span class='ocrx_word' id='word_1_69' title='bbox 263 1384 499 1435; x_wconf 85' lang='lat' dir='ltr'><strong>mendatus,</strong></span> <span class='ocrx_word' id='word_1_70' title='bbox 550 1385 641 1424; x_wconf 89' lang='grc'><strong>240.</strong></span> <span class='ocrx_word' id='word_1_71' title='bbox 723 1383 780 1423; x_wconf 88' lang='lat' dir='ltr'><strong>In</strong></span> <span class='ocrx_word' id='word_1_72' title='bbox 833 1381 1069 1423; x_wconf 87' lang='lat' dir='ltr'><strong>seminariis</strong></span> 
     </span>
     <span class='ocr_line' id='line_1_20' title="bbox 264 1457 1064 1511; baseline -0.006 -10"><span class='ocrx_word' id='word_1_73' title='bbox 264 1461 309 1501; x_wconf 88' lang='lat' dir='ltr'><strong>et</strong></span> <span class='ocrx_word' id='word_1_74' title='bbox 345 1458 536 1511; x_wconf 77' lang='lat' dir='ltr'><strong>collegiis</strong></span> <span class='ocrx_word' id='word_1_75' title='bbox 572 1457 782 1508; x_wconf 84' lang='lat' dir='ltr'><strong>tradatur,</strong></span> <span class='ocrx_word' id='word_1_76' title='bbox 827 1459 920 1507; x_wconf 83' lang='lat'><strong>241,</strong></span> <span class='ocrx_word' id='word_1_77' title='bbox 971 1458 1064 1496; x_wconf 83' lang='lat'>242.</span> 
     </span>
     <span class='ocr_line' id='line_1_21' title="bbox 262 1530 1068 1585; baseline -0.007 -9"><span class='ocrx_word' id='word_1_78' title='bbox 262 1533 544 1585; x_wconf 85' lang='lat' dir='ltr'><strong>Restituatur,</strong></span> <span class='ocrx_word' id='word_1_79' title='bbox 568 1535 660 1573; x_wconf 93' lang='grc'><strong>241.</strong></span> <span class='ocrx_word' id='word_1_80' title='bbox 719 1532 843 1572; x_wconf 85' lang='lat' dir='ltr'><strong>Solus</strong></span> <span class='ocrx_word' id='word_1_81' title='bbox 868 1530 1068 1571; x_wconf 87' lang='lat' dir='ltr'><strong>adhibea-</strong></span> 
     </span>
     <span class='ocr_line' id='line_1_22' title="bbox 262 1604 1070 1658; baseline -0.005 -9"><span class='ocrx_word' id='word_1_82' title='bbox 262 1610 349 1658; x_wconf 87' lang='lat' dir='ltr'><strong>tur,</strong></span> <span class='ocrx_word' id='word_1_83' title='bbox 384 1610 477 1648; x_wconf 94' lang='grc'><strong>242.</strong></span> <span class='ocrx_word' id='word_1_84' title='bbox 552 1606 709 1648; x_wconf 77' lang='lat' dir='ltr'><strong>Modus</strong></span> <span class='ocrx_word' id='word_1_85' title='bbox 746 1604 1070 1646; x_wconf 88' lang='lat' dir='ltr'><strong>Ratisbonensis</strong></span> 
     </span>
     <span class='ocr_line' id='line_1_23' title="bbox 264 1680 1070 1735; baseline -0.004 -12"><span class='ocrx_word' id='word_1_86' title='bbox 264 1681 502 1735; x_wconf 68' lang='lat' dir='ltr'><strong>adoptetur,</strong></span> <span class='ocrx_word' id='word_1_87' title='bbox 519 1683 610 1722; x_wconf 83' lang='lat'>242.</span> <span class='ocrx_word' id='word_1_88' title='bbox 662 1680 890 1722; x_wconf 84' lang='lat' dir='ltr'><strong>Foeminae</strong></span> <span class='ocrx_word' id='word_1_89' title='bbox 903 1693 929 1721; x_wconf 88' lang='lat' dir='ltr'><strong>a</strong></span> <span class='ocrx_word' id='word_1_90' title='bbox 943 1680 1070 1721; x_wconf 89' lang='lat' dir='ltr'><strong>choro</strong></span> 
     </span>
     <span class='ocr_line' id='line_1_24' title="bbox 268 1754 1067 1806; baseline -0.006 -8"><span class='ocrx_word' id='word_1_91' title='bbox 268 1755 564 1806; x_wconf 74' lang='lat' dir='ltr'><strong>excludantur,</strong></span> <span class='ocrx_word' id='word_1_92' title='bbox 605 1756 697 1795; x_wconf 88' lang='grc'><strong>242.</strong></span> <span class='ocrx_word' id='word_1_93' title='bbox 769 1754 931 1794; x_wconf 82' lang='lat' dir='ltr'><strong>Cantus</strong></span> <span class='ocrx_word' id='word_1_94' title='bbox 970 1754 1067 1794; x_wconf 86' lang='lat' dir='ltr'><strong>har-</strong></span> 
     </span>
     <span class='ocr_line' id='line_1_25' title="bbox 263 1829 1067 1882; baseline -0.004 -11"><span class='ocrx_word' id='word_1_95' title='bbox 263 1830 455 1871; x_wconf 86' lang='lat' dir='ltr'><strong>monicus</strong></span> <span class='ocrx_word' id='word_1_96' title='bbox 474 1843 548 1870; x_wconf 91' lang='lat' dir='ltr'><strong>seu</strong></span> <span class='ocrx_word' id='word_1_97' title='bbox 567 1829 777 1882; x_wconf 83' lang='lat' dir='ltr'><strong>figuratus</strong></span> <span class='ocrx_word' id='word_1_98' title='bbox 795 1841 882 1869; x_wconf 92' lang='lat' dir='ltr'><strong>non</strong></span> <span class='ocrx_word' id='word_1_99' title='bbox 907 1829 1067 1881; x_wconf 90' lang='lat' dir='ltr'><strong>impro-</strong></span> 
     </span>
     <span class='ocr_line' id='line_1_26' title="bbox 265 1903 1068 1956; baseline -0.004 -9"><span class='ocrx_word' id='word_1_100' title='bbox 265 1907 404 1956; x_wconf 85' lang='lat' dir='ltr'><strong>batur,</strong></span> <span class='ocrx_word' id='word_1_101' title='bbox 442 1907 536 1946; x_wconf 91' lang='grc'><strong>242.</strong></span> <span class='ocrx_word' id='word_1_102' title='bbox 594 1904 910 1945; x_wconf 87' lang='lat' dir='ltr'><strong>Caeremoniale</strong></span> <span class='ocrx_word' id='word_1_103' title='bbox 944 1903 1068 1956; x_wconf 88' lang='lat' dir='ltr'><strong>Epis-</strong></span> 
     </span>
     <span class='ocr_line' id='line_1_27' title="bbox 265 1979 1066 2034; baseline -0.004 -13"><span class='ocrx_word' id='word_1_104' title='bbox 265 1993 463 2034; x_wconf 89' lang='lat' dir='ltr'><strong>coporum</strong></span> <span class='ocrx_word' id='word_1_105' title='bbox 490 1980 737 2021; x_wconf 77' lang='lat' dir='ltr'><strong>observetur</strong></span> <span class='ocrx_word' id='word_1_106' title='bbox 763 1979 875 2020; x_wconf 86' lang='lat' dir='ltr'><strong>circa</strong></span> <span class='ocrx_word' id='word_1_107' title='bbox 893 1991 1066 2032; x_wconf 86' lang='lat' dir='ltr'><strong>organa,</strong></span> 
     </span>
     <span class='ocr_line' id='line_1_28' title="bbox 270 2054 1073 2106; baseline -0.002 -10"><span class='ocrx_word' id='word_1_108' title='bbox 270 2058 360 2096; x_wconf 89' lang='grc'><strong>243.</strong></span> <span class='ocrx_word' id='word_1_109' title='bbox 437 2054 598 2096; x_wconf 83' lang='lat' dir='ltr'><strong>Cantus</strong></span> <span class='ocrx_word' id='word_1_110' title='bbox 629 2054 899 2095; x_wconf 80' lang='lat' dir='ltr'><strong>harmonicus</strong></span> <span class='ocrx_word' id='word_1_111' title='bbox 934 2054 1073 2106; x_wconf 88' lang='lat' dir='ltr'><strong>qualis</strong></span> 
     </span>
     <span class='ocr_line' id='line_1_29' title="bbox 268 2128 1073 2178; baseline -0.002 -7"><span class='ocrx_word' id='word_1_112' title='bbox 268 2130 393 2171; x_wconf 88' lang='lat' dir='ltr'><strong>debet</strong></span> <span class='ocrx_word' id='word_1_113' title='bbox 406 2142 508 2178; x_wconf 87' lang='lat' dir='ltr'><strong>esse,</strong></span> <span class='ocrx_word' id='word_1_114' title='bbox 523 2131 615 2171; x_wconf 89' lang='grc'><strong>243.</strong></span> <span class='ocrx_word' id='word_1_115' title='bbox 674 2129 839 2169; x_wconf 82' lang='lat' dir='ltr'><strong>Musica</strong></span> <span class='ocrx_word' id='word_1_116' title='bbox 850 2128 1073 2169; x_wconf 85' lang='lat' dir='ltr'><strong>concordet</strong></span> 
     </span>
     <span class='ocr_line' id='line_1_30' title="bbox 269 2203 1073 2258; baseline -0.004 -12"><span class='ocrx_word' id='word_1_117' title='bbox 269 2218 366 2246; x_wconf 89' lang='lat' dir='ltr'><strong>cum</strong></span> <span class='ocrx_word' id='word_1_118' title='bbox 375 2208 564 2258; x_wconf 89' lang='lat' dir='ltr'><strong>tempore</strong></span> <span class='ocrx_word' id='word_1_119' title='bbox 576 2207 619 2246; x_wconf 89' lang='lat' dir='ltr'><strong>et</strong></span> <span class='ocrx_word' id='word_1_120' title='bbox 630 2204 753 2254; x_wconf 79' lang='lat' dir='ltr'><strong>festo,</strong></span> <span class='ocrx_word' id='word_1_121' title='bbox 764 2206 856 2244; x_wconf 85' lang='lat'>243.</span> <span class='ocrx_word' id='word_1_122' title='bbox 888 2203 1073 2245; x_wconf 88' lang='lat' dir='ltr'><strong>Musices</strong></span> 
     </span>
     <span class='ocr_line' id='line_1_31' title="bbox 268 2277 1072 2332; baseline -0.004 -12"><span class='ocrx_word' id='word_1_123' title='bbox 268 2293 404 2332; x_wconf 82' lang='lat' dir='ltr'><strong>genus</strong></span> <span class='ocrx_word' id='word_1_124' title='bbox 421 2292 508 2319; x_wconf 91' lang='lat' dir='ltr'><strong>non</strong></span> <span class='ocrx_word' id='word_1_125' title='bbox 527 2278 791 2319; x_wconf 82' lang='lat' dir='ltr'><strong>describatur</strong></span> <span class='ocrx_word' id='word_1_126' title='bbox 816 2278 863 2318; x_wconf 87' lang='lat' dir='ltr'><strong>in</strong></span> <span class='ocrx_word' id='word_1_127' title='bbox 891 2277 1072 2330; x_wconf 84' lang='lat' dir='ltr'><strong>publicis</strong></span> 
     </span>
     <span class='ocr_line' id='line_1_32' title="bbox 270 2354 1069 2406; baseline -0.003 -11"><span class='ocrx_word' id='word_1_128' title='bbox 270 2354 606 2406; x_wconf 85' lang='lat' dir='ltr'><strong>ephemeridibus</strong></span> <span class='ocrx_word' id='word_1_129' title='bbox 656 2356 700 2394; x_wconf 92' lang='lat' dir='ltr'><strong>et</strong></span> <span class='ocrx_word' id='word_1_130' title='bbox 755 2354 924 2402; x_wconf 86' lang='lat' dir='ltr'><strong>libellis,</strong></span> <span class='ocrx_word' id='word_1_131' title='bbox 977 2355 1069 2393; x_wconf 88' lang='grc'><strong>243.</strong></span> 
     </span>
     <span class='ocr_line' id='line_1_33' title="bbox 271 2427 1073 2481; baseline -0.001 -12"><span class='ocrx_word' id='word_1_132' title='bbox 271 2429 524 2470; x_wconf 86' lang='lat' dir='ltr'><strong>Canentium</strong></span> <span class='ocrx_word' id='word_1_133' title='bbox 550 2441 619 2468; x_wconf 88' lang='lat' dir='ltr'><strong>ars</strong></span> <span class='ocrx_word' id='word_1_134' title='bbox 646 2430 690 2469; x_wconf 92' lang='lat' dir='ltr'><strong>et</strong></span> <span class='ocrx_word' id='word_1_135' title='bbox 722 2427 958 2481; x_wconf 82' lang='lat' dir='ltr'><strong>elegantiae</strong></span> <span class='ocrx_word' id='word_1_136' title='bbox 986 2440 1073 2468; x_wconf 92' lang='lat' dir='ltr'><strong>non</strong></span> 
     </span>
     <span class='ocr_line' id='line_1_34' title="bbox 270 2503 1069 2557; baseline 0 -12"><span class='ocrx_word' id='word_1_137' title='bbox 270 2505 562 2545; x_wconf 82' lang='lat' dir='ltr'><strong>describantur</strong></span> <span class='ocrx_word' id='word_1_138' title='bbox 579 2517 655 2557; x_wconf 91' lang='lat' dir='ltr'><strong>per</strong></span> <span class='ocrx_word' id='word_1_139' title='bbox 672 2503 864 2556; x_wconf 86' lang='lat' dir='ltr'><strong>publicos</strong></span> <span class='ocrx_word' id='word_1_140' title='bbox 890 2503 1069 2556; x_wconf 79' lang='lat' dir='ltr'><strong>libellos,</strong></span> 
     </span>
     <span class='ocr_line' id='line_1_35' title="bbox 272 2579 1002 2632; baseline 0 -12"><span class='ocrx_word' id='word_1_141' title='bbox 272 2582 364 2620; x_wconf 89' lang='grc'><strong>243.</strong></span> <span class='ocrx_word' id='word_1_142' title='bbox 419 2579 556 2620; x_wconf 87' lang='lat' dir='ltr'><strong>Breve</strong></span> <span class='ocrx_word' id='word_1_143' title='bbox 573 2579 878 2632; x_wconf 80' lang='lat' dir='ltr'><strong>Apostoficum,</strong></span> <span class='ocrx_word' id='word_1_144' title='bbox 910 2581 1002 2621; x_wconf 77' lang='lat'>3³8.</span> 
     </span>
    </p>

    <p class='ocr_par' dir='ltr' id='par_1_12' title="bbox 351 2653 1074 2770">
     <span class='ocr_line' id='line_1_36' title="bbox 351 2653 1073 2695; baseline 0.001 -1"><span class='ocrx_word' id='word_1_145' title='bbox 351 2666 379 2694; x_wconf 79' lang='lat' dir='ltr'>B</span> <span class='ocrx_word' id='word_1_146' title='bbox 404 2665 551 2694; x_wconf 74' lang='lat' dir='ltr'><strong>umus</strong></span> <span class='ocrx_word' id='word_1_147' title='bbox 577 2653 859 2694; x_wconf 60' lang='lat' dir='ltr'><strong>RA-nsnounn</strong></span> <span class='ocrx_word' id='word_1_148' title='bbox 880 2684 892 2695; x_wconf 87' lang='lat'>.</span> <span class='ocrx_word' id='word_1_149' title='bbox 953 2684 963 2693; x_wconf 88' lang='lat'>.</span> <span class='ocrx_word' id='word_1_150' title='bbox 997 2657 1073 2695; x_wconf 72' lang='lat'><strong>5310</strong></span> 
     </span>
     <span class='ocr_line' id='line_1_37' title="bbox 354 2733 1074 2770; baseline 0 -1"><span class='ocrx_word' id='word_1_151' title='bbox 354 2740 626 2769; x_wconf 64' lang='lat' dir='ltr'><strong>caneomtuu</strong></span> <span class='ocrx_word' id='word_1_152' title='bbox 653 2740 776 2768; x_wconf 74' lang='lat' dir='ltr'><strong>mam</strong></span> <span class='ocrx_word' id='word_1_153' title='bbox 810 2758 820 2768; x_wconf 94' lang='lat'>.</span> <span class='ocrx_word' id='word_1_154' title='bbox 881 2758 893 2769; x_wconf 93' lang='lat'>.</span> <span class='ocrx_word' id='word_1_155' title='bbox 954 2759 965 2770; x_wconf 91' lang='lat'>.</span> <span class='ocrx_word' id='word_1_156' title='bbox 998 2733 1074 2769; x_wconf 64' lang='lat'><strong>:510</strong></span> 
     </span>
    </p>
   </div>
   <div class='ocr_carea' id='block_1_11' title="bbox 355 2802 913 2926">
    <p class='ocr_par' dir='ltr' id='par_1_13' title="bbox 355 2802 913 2926">
     <span class='ocr_line' id='line_1_38' title="bbox 355 2802 913 2853; baseline -0.004 -9"><span class='ocrx_word' id='word_1_157' title='bbox 355 2815 536 2853; x_wconf 68' lang='lat' dir='ltr'><strong>rmus,</strong></span> <span class='ocrx_word' id='word_1_158' title='bbox 556 2817 595 2843; x_wconf 82' lang='lat' dir='ltr'><strong>v.</strong></span> <span class='ocrx_word' id='word_1_159' title='bbox 617 2802 913 2843; x_wconf 78' lang='lat' dir='ltr'><strong>Seminarium.</strong></span> 
     </span>
     <span class='ocr_line' id='line_1_39' title="bbox 356 2877 846 2926; baseline -0.002 -8"><span class='ocrx_word' id='word_1_160' title='bbox 356 2891 395 2921; x_wconf 73' lang='lat' dir='ltr'><strong>v.</strong></span> <span class='ocrx_word' id='word_1_161' title='bbox 414 2877 675 2926; x_wconf 78' lang='lat' dir='ltr'><strong>Benedictio,</strong></span> <span class='ocrx_word' id='word_1_162' title='bbox 699 2877 846 2918; x_wconf 82' lang='lat' dir='ltr'><strong>Missa.</strong></span> 
     </span>
    </p>
   </div>
   <div class='ocr_carea' id='block_1_12' title="bbox 1258 1009 2071 2258">
    <p class='ocr_par' dir='ltr' id='par_1_14' title="bbox 1258 1009 2071 2258">
     <span class='ocr_line' id='line_1_40' title="bbox 1259 1009 2054 1064; baseline 0 -14"><span class='ocrx_word' id='word_1_163' title='bbox 1259 1009 1412 1051; x_wconf 81' lang='lat' dir='ltr'><strong>Modus</strong></span> <span class='ocrx_word' id='word_1_164' title='bbox 1433 1011 1749 1051; x_wconf 70' lang='lat' dir='ltr'><strong>commendandi</strong></span> <span class='ocrx_word' id='word_1_165' title='bbox 1768 1012 1821 1051; x_wconf 87' lang='lat' dir='ltr'><strong>ad</strong></span> <span class='ocrx_word' id='word_1_166' title='bbox 1841 1011 2054 1064; x_wconf 80' lang='lat' dir='ltr'><strong>episcopa·</strong></span> 
     </span>
     <span class='ocr_line' id='line_1_41' title="bbox 1258 1086 2055 1137; baseline 0 -13"><span class='ocrx_word' id='word_1_167' title='bbox 1258 1086 1366 1134; x_wconf 89' lang='lat' dir='ltr'><strong>tum,</strong></span> <span class='ocrx_word' id='word_1_168' title='bbox 1402 1087 1442 1131; x_wconf 84' lang='lat'><strong>9,</strong></span> <span class='ocrx_word' id='word_1_169' title='bbox 1472 1087 1564 1125; x_wconf 85' lang='grc'><strong>386.</strong></span> <span class='ocrx_word' id='word_1_170' title='bbox 1641 1086 1811 1125; x_wconf 81' lang='lat' dir='ltr'><strong>Mortuo</strong></span> <span class='ocrx_word' id='word_1_171' title='bbox 1847 1086 2055 1137; x_wconf 77' lang='lat' dir='ltr'><strong>episcopo,</strong></span> 
     </span>
     <span class='ocr_line' id='line_1_42' title="bbox 1259 1159 2054 1210; baseline 0.003 -12"><span class='ocrx_word' id='word_1_172' title='bbox 1259 1159 1364 1210; x_wconf 89' lang='lat' dir='ltr'><strong>quid</strong></span> <span class='ocrx_word' id='word_1_173' title='bbox 1420 1159 1675 1209; x_wconf 85' lang='lat' dir='ltr'><strong>faciendum,</strong></span> <span class='ocrx_word' id='word_1_174' title='bbox 1730 1164 1791 1210; x_wconf 89' lang='lat'><strong>10,</strong></span> <span class='ocrx_word' id='word_1_175' title='bbox 1842 1163 1907 1210; x_wconf 85' lang='grc'><strong>45,</strong></span> <span class='ocrx_word' id='word_1_176' title='bbox 1963 1163 2054 1200; x_wconf 86' lang='grc'><strong>213.</strong></span> 
     </span>
     <span class='ocr_line' id='line_1_43' title="bbox 1262 1232 2056 1286; baseline 0.004 -14"><span class='ocrx_word' id='word_1_177' title='bbox 1262 1232 1425 1273; x_wconf 87' lang='lat' dir='ltr'><strong>Vicarii</strong></span> <span class='ocrx_word' id='word_1_178' title='bbox 1473 1234 1718 1286; x_wconf 77' lang='lat' dir='ltr'><strong>capitularis</strong></span> <span class='ocrx_word' id='word_1_179' title='bbox 1773 1235 1933 1280; x_wconf 77' lang='lat' dir='ltr'><strong>electio.</strong></span> <span class='ocrx_word' id='word_1_180' title='bbox 1995 1238 2056 1276; x_wconf 88' lang='lat'><strong>10.</strong></span> 
     </span>
     <span class='ocr_line' id='line_1_44' title="bbox 1262 1306 2059 1349; baseline 0.003 -2"><span class='ocrx_word' id='word_1_181' title='bbox 1262 1306 1501 1348; x_wconf 85' lang='lat' dir='ltr'><strong>Conventui</strong></span> <span class='ocrx_word' id='word_1_182' title='bbox 1569 1308 1623 1348; x_wconf 87' lang='lat' dir='ltr'><strong>ad</strong></span> <span class='ocrx_word' id='word_1_183' title='bbox 1686 1308 2059 1349; x_wconf 77' lang='lat' dir='ltr'><strong>commendandum</strong></span> 
     </span>
     <span class='ocr_line' id='line_1_45' title="bbox 1263 1380 2059 1435; baseline 0.003 -15"><span class='ocrx_word' id='word_1_184' title='bbox 1263 1380 1390 1431; x_wconf 79' lang='lat' dir='ltr'><strong>facto,</strong></span> <span class='ocrx_word' id='word_1_185' title='bbox 1414 1382 1779 1435; x_wconf 81' lang='lat' dir='ltr'><strong>Archiepiscopus‚</strong></span> <span class='ocrx_word' id='word_1_186' title='bbox 1806 1383 1872 1422; x_wconf 80' lang='lat' dir='ltr'><strong>vel</strong></span> <span class='ocrx_word' id='word_1_187' title='bbox 1900 1382 2059 1435; x_wconf 81' lang='lat' dir='ltr'><strong>cpisco-</strong></span> 
     </span>
     <span class='ocr_line' id='line_1_46' title="bbox 1263 1457 2063 1510; baseline 0 -13"><span class='ocrx_word' id='word_1_188' title='bbox 1263 1469 1343 1509; x_wconf 88' lang='lat' dir='ltr'><strong>pus</strong></span> <span class='ocrx_word' id='word_1_189' title='bbox 1375 1457 1513 1497; x_wconf 87' lang='lat' dir='ltr'><strong>senior</strong></span> <span class='ocrx_word' id='word_1_190' title='bbox 1541 1457 1763 1510; x_wconf 77' lang='lat' dir='ltr'><strong>praesidet,</strong></span> <span class='ocrx_word' id='word_1_191' title='bbox 1805 1458 1857 1498; x_wconf 84' lang='lat' dir='ltr'><strong>ib.</strong></span> <span class='ocrx_word' id='word_1_192' title='bbox 1931 1459 2063 1498; x_wconf 68' lang='lat' dir='ltr'><strong>Actus</strong></span> 
     </span>
     <span class='ocr_line' id='line_1_47' title="bbox 1265 1532 2061 1584; baseline 0 -13"><span class='ocrx_word' id='word_1_193' title='bbox 1265 1532 1510 1584; x_wconf 85' lang='lat' dir='ltr'><strong>capitularis</strong></span> <span class='ocrx_word' id='word_1_194' title='bbox 1538 1533 1771 1573; x_wconf 80' lang='lat' dir='ltr'><strong>mittendus</strong></span> <span class='ocrx_word' id='word_1_195' title='bbox 1803 1533 1856 1573; x_wconf 89' lang='lat' dir='ltr'><strong>ad</strong></span> <span class='ocrx_word' id='word_1_196' title='bbox 1885 1534 2061 1573; x_wconf 74' lang='lat' dir='ltr'><strong>Archio-</strong></span> 
     </span>
     <span class='ocr_line' id='line_1_48' title="bbox 1264 1607 2062 1660; baseline 0.001 -14"><span class='ocrx_word' id='word_1_197' title='bbox 1264 1607 1482 1660; x_wconf 82' lang='lat' dir='ltr'><strong>piscopum</strong></span> <span class='ocrx_word' id='word_1_198' title='bbox 1500 1608 1569 1648; x_wconf 89' lang='lat' dir='ltr'><strong>vel</strong></span> <span class='ocrx_word' id='word_1_199' title='bbox 1598 1607 1923 1660; x_wconf 78' lang='lat' dir='ltr'><strong>Suffraganoum</strong></span> <span class='ocrx_word' id='word_1_200' title='bbox 1949 1608 2062 1648; x_wconf 84' lang='lat' dir='ltr'><strong>anti-</strong></span> 
     </span>
     <span class='ocr_line' id='line_1_49' title="bbox 1265 1681 2066 1733; baseline 0 -13"><span class='ocrx_word' id='word_1_201' title='bbox 1265 1681 1469 1733; x_wconf 87' lang='lat' dir='ltr'><strong>quiorem,</strong></span> <span class='ocrx_word' id='word_1_202' title='bbox 1502 1681 1554 1721; x_wconf 74' lang='lat' dir='ltr'><strong>ib.</strong></span> <span class='ocrx_word' id='word_1_203' title='bbox 1628 1681 1839 1721; x_wconf 88' lang='lat' dir='ltr'><strong>Canonico</strong></span> <span class='ocrx_word' id='word_1_204' title='bbox 1879 1681 2066 1733; x_wconf 80' lang='lat' dir='ltr'><strong>legitime</strong></span> 
     </span>
     <span class='ocr_line' id='line_1_50' title="bbox 1265 1756 2067 1809; baseline -0.001 -13"><span class='ocrx_word' id='word_1_205' title='bbox 1265 1757 1482 1809; x_wconf 84' lang='lat' dir='ltr'><strong>impedito,</strong></span> <span class='ocrx_word' id='word_1_206' title='bbox 1506 1756 1712 1808; x_wconf 92' lang='lat' dir='ltr'><strong>quomodo</strong></span> <span class='ocrx_word' id='word_1_207' title='bbox 1732 1756 1831 1796; x_wconf 84' lang='lat' dir='ltr'><strong>licet</strong></span> <span class='ocrx_word' id='word_1_208' title='bbox 1850 1770 1974 1809; x_wconf 81' lang='lat' dir='ltr'><strong>agere</strong></span> <span class='ocrx_word' id='word_1_209' title='bbox 1995 1769 2067 1808; x_wconf 82' lang='lat' dir='ltr'><strong>per</strong></span> 
     </span>
     <span class='ocr_line' id='line_1_51' title="bbox 1265 1830 2065 1883; baseline -0.001 -13"><span class='ocrx_word' id='word_1_210' title='bbox 1265 1834 1589 1883; x_wconf 87' lang='lat' dir='ltr'><strong>procuratorem,</strong></span> <span class='ocrx_word' id='word_1_211' title='bbox 1621 1831 1673 1870; x_wconf 81' lang='lat' dir='ltr'><strong>ib.</strong></span> <span class='ocrx_word' id='word_1_212' title='bbox 1736 1830 1934 1870; x_wconf 78' lang='lat' dir='ltr'><strong>Fac-ultas</strong></span> <span class='ocrx_word' id='word_1_213' title='bbox 1953 1843 2065 1869; x_wconf 85' lang='lat' dir='ltr'><strong>com·</strong></span> 
     </span>
     <span class='ocr_line' id='line_1_52' title="bbox 1266 1904 2063 1957; baseline -0.004 -12"><span class='ocrx_word' id='word_1_214' title='bbox 1266 1905 1493 1946; x_wconf 70' lang='lat' dir='ltr'><strong>mandandi</strong></span> <span class='ocrx_word' id='word_1_215' title='bbox 1510 1908 1573 1945; x_wconf 88' lang='lat' dir='ltr'><strong>est</strong></span> <span class='ocrx_word' id='word_1_216' title='bbox 1588 1904 1796 1945; x_wconf 75' lang='lat' dir='ltr'><strong>concessio</strong></span> <span class='ocrx_word' id='word_1_217' title='bbox 1812 1918 1896 1943; x_wconf 85' lang='lat' dir='ltr'><strong>non</strong></span> <span class='ocrx_word' id='word_1_218' title='bbox 1911 1905 1996 1957; x_wconf 80' lang='lat' dir='ltr'><strong>jus,</strong></span> <span class='ocrx_word' id='word_1_219' title='bbox 2015 1906 2063 1943; x_wconf 74' lang='lat' dir='ltr'><strong>ib.</strong></span> 
     </span>
     <span class='ocr_line' id='line_1_53' title="bbox 1267 1979 2068 2031; baseline -0.004 -10"><span class='ocrx_word' id='word_1_220' title='bbox 1267 1980 1472 2022; x_wconf 83' lang='lat' dir='ltr'><strong>Canonici</strong></span> <span class='ocrx_word' id='word_1_221' title='bbox 1531 1980 1577 2019; x_wconf 91' lang='lat' dir='ltr'><strong>in</strong></span> <span class='ocrx_word' id='word_1_222' title='bbox 1642 1982 1833 2020; x_wconf 86' lang='lat' dir='ltr'><strong>senatum</strong></span> <span class='ocrx_word' id='word_1_223' title='bbox 1888 1979 2068 2031; x_wconf 75' lang='lat' dir='ltr'><strong>episcopi</strong></span> 
     </span>
     <span class='ocr_line' id='line_1_54' title="bbox 1264 2055 2071 2107; baseline -0.004 -10"><span class='ocrx_word' id='word_1_224' title='bbox 1264 2056 1401 2104; x_wconf 87' lang='lat' dir='ltr'><strong>acciti,</strong></span> <span class='ocrx_word' id='word_1_225' title='bbox 1440 2058 1504 2097; x_wconf 88' lang='grc'><strong>39.</strong></span> <span class='ocrx_word' id='word_1_226' title='bbox 1560 2055 1691 2107; x_wconf 84' lang='lat' dir='ltr'><strong>Saepe</strong></span> <span class='ocrx_word' id='word_1_227' title='bbox 1728 2055 1875 2107; x_wconf 87' lang='lat' dir='ltr'><strong>legant</strong></span> <span class='ocrx_word' id='word_1_228' title='bbox 1913 2058 2071 2095; x_wconf 78' lang='lat' dir='ltr'><strong>statuta</strong></span> 
     </span>
     <span class='ocr_line' id='line_1_55' title="bbox 1265 2130 2068 2185; baseline -0.006 -12"><span class='ocrx_word' id='word_1_229' title='bbox 1265 2132 1458 2185; x_wconf 84' lang='lat' dir='ltr'><strong>capituli,</strong></span> <span class='ocrx_word' id='word_1_230' title='bbox 1511 2132 1562 2171; x_wconf 81' lang='lat' dir='ltr'><strong>ib.</strong></span> <span class='ocrx_word' id='word_1_231' title='bbox 1611 2131 1757 2171; x_wconf 80' lang='lat' dir='ltr'><strong>Sciant</strong></span> <span class='ocrx_word' id='word_1_232' title='bbox 1812 2143 1907 2170; x_wconf 86' lang='lat' dir='ltr'><strong>suas</strong></span> <span class='ocrx_word' id='word_1_233' title='bbox 1961 2130 2068 2169; x_wconf 87' lang='lat' dir='ltr'><strong>obli-</strong></span> 
     </span>
     <span class='ocr_line' id='line_1_56' title="bbox 1268 2204 2067 2258; baseline -0.006 -11"><span class='ocrx_word' id='word_1_234' title='bbox 1268 2207 1460 2258; x_wconf 81' lang='lat' dir='ltr'><strong>gationes</strong></span> <span class='ocrx_word' id='word_1_235' title='bbox 1494 2207 1537 2246; x_wconf 87' lang='lat' dir='ltr'><strong>et</strong></span> <span class='ocrx_word' id='word_1_236' title='bbox 1562 2206 1675 2258; x_wconf 71' lang='lat' dir='ltr'><strong>jura„</strong></span> <span class='ocrx_word' id='word_1_237' title='bbox 1717 2205 1770 2244; x_wconf 83' lang='lat' dir='ltr'><strong>ib.</strong></span> <span class='ocrx_word' id='word_1_238' title='bbox 1857 2204 2067 2243; x_wconf 85' lang='lat' dir='ltr'><strong>Praeben-</strong></span> 
     </span>
    </p>
   </div>
   <div class='ocr_carea' id='block_1_13' title="bbox 1225 2279 2070 2331">
    <p class='ocr_par' dir='ltr' id='par_1_15' title="bbox 1225 2279 2070 2331">
     <span class='ocr_line' id='line_1_57' title="bbox 1225 2279 2070 2331; baseline -0.006 -9"><span class='ocrx_word' id='word_1_239' title='bbox 1225 2283 1227 2285; x_wconf 81' lang='grc'><strong>’</strong></span> <span class='ocrx_word' id='word_1_240' title='bbox 1267 2282 1343 2322; x_wconf 82' lang='lat' dir='ltr'><strong>das</strong></span> <span class='ocrx_word' id='word_1_241' title='bbox 1361 2282 1560 2331; x_wconf 86' lang='lat' dir='ltr'><strong>forment,</strong></span> <span class='ocrx_word' id='word_1_242' title='bbox 1585 2282 1637 2327; x_wconf 80' lang='lat' dir='ltr'><strong>ib,</strong></span> <span class='ocrx_word' id='word_1_243' title='bbox 1661 2282 1752 2320; x_wconf 88' lang='lat'>212.</span> <span class='ocrx_word' id='word_1_244' title='bbox 1817 2280 1975 2319; x_wconf 90' lang='lat' dir='ltr'><strong>Eorum</strong></span> <span class='ocrx_word' id='word_1_245' title='bbox 1994 2279 2070 2318; x_wconf 87' lang='lat' dir='ltr'><strong>ad-</strong></span> 
     </span>
    </p>
   </div>
   <div class='ocr_carea' id='block_1_14' title="bbox 1267 2354 2072 2775">
    <p class='ocr_par' dir='ltr' id='par_1_16' title="bbox 1267 2354 2072 2775">
     <span class='ocr_line' id='line_1_58' title="bbox 1267 2354 2072 2406; baseline -0.005 -10"><span class='ocrx_word' id='word_1_246' title='bbox 1267 2356 1424 2405; x_wconf 85' lang='lat' dir='ltr'><strong>missio,</strong></span> <span class='ocrx_word' id='word_1_247' title='bbox 1457 2357 1510 2396; x_wconf 76' lang='lat' dir='ltr'><strong>ib.</strong></span> <span class='ocrx_word' id='word_1_248' title='bbox 1580 2355 1765 2395; x_wconf 85' lang='lat' dir='ltr'><strong>Litteras</strong></span> <span class='ocrx_word' id='word_1_249' title='bbox 1799 2354 2072 2406; x_wconf 67' lang='lat' dir='ltr'><strong>promotionis</strong></span> 
     </span>
     <span class='ocr_line' id='line_1_59' title="bbox 1267 2428 2070 2485; baseline -0.009 -12"><span class='ocrx_word' id='word_1_250' title='bbox 1267 2432 1550 2485; x_wconf 83' lang='lat' dir='ltr'><strong>praesentent,</strong></span> <span class='ocrx_word' id='word_1_251' title='bbox 1564 2431 1618 2469; x_wconf 83' lang='lat' dir='ltr'><strong>ib.</strong></span> <span class='ocrx_word' id='word_1_252' title='bbox 1654 2428 1962 2469; x_wconf 81' lang='lat' dir='ltr'><strong>Professioncm</strong></span> <span class='ocrx_word' id='word_1_253' title='bbox 1975 2428 2070 2467; x_wconf 63' lang='lat' dir='ltr'><strong>fidoi</strong></span> 
     </span>
     <span class='ocr_line' id='line_1_60' title="bbox 1267 2502 2067 2560; baseline -0.008 -13"><span class='ocrx_word' id='word_1_254' title='bbox 1267 2506 1500 2560; x_wconf 83' lang='lat' dir='ltr'><strong>proferant,</strong></span> <span class='ocrx_word' id='word_1_255' title='bbox 1547 2508 1614 2545; x_wconf 91' lang='grc'><strong>40.</strong></span> <span class='ocrx_word' id='word_1_256' title='bbox 1686 2503 1855 2543; x_wconf 86' lang='lat' dir='ltr'><strong>Statuta</strong></span> <span class='ocrx_word' id='word_1_257' title='bbox 1894 2502 2067 2554; x_wconf 87' lang='lat' dir='ltr'><strong>capituli</strong></span> 
     </span>
     <span class='ocr_line' id='line_1_61' title="bbox 1267 2579 2067 2634; baseline -0.009 -12"><span class='ocrx_word' id='word_1_258' title='bbox 1267 2581 1493 2634; x_wconf 83' lang='lat' dir='ltr'><strong>accipiant,</strong></span> <span class='ocrx_word' id='word_1_259' title='bbox 1529 2581 1582 2620; x_wconf 76' lang='lat' dir='ltr'><strong>ib.</strong></span> <span class='ocrx_word' id='word_1_260' title='bbox 1641 2579 1857 2619; x_wconf 85' lang='lat' dir='ltr'><strong>Secretum</strong></span> <span class='ocrx_word' id='word_1_261' title='bbox 1885 2580 2067 2620; x_wconf 81' lang='lat' dir='ltr'><strong>servent,</strong></span> 
     </span>
     <span class='ocr_line' id='line_1_62' title="bbox 1270 2654 2067 2706; baseline -0.009 -9"><span class='ocrx_word' id='word_1_262' title='bbox 1270 2658 1323 2698; x_wconf 75' lang='lat' dir='ltr'><strong>ib.</strong></span> <span class='ocrx_word' id='word_1_263' title='bbox 1381 2656 1507 2696; x_wconf 87' lang='lat' dir='ltr'><strong>Nihil</strong></span> <span class='ocrx_word' id='word_1_264' title='bbox 1535 2654 1774 2706; x_wconf 84' lang='lat' dir='ltr'><strong>largiantur</strong></span> <span class='ocrx_word' id='word_1_265' title='bbox 1791 2656 1964 2705; x_wconf 86' lang='lat' dir='ltr'><strong>propter</strong></span> <span class='ocrx_word' id='word_1_266' title='bbox 1991 2664 2067 2690; x_wconf 93' lang='lat' dir='ltr'><strong>no-</strong></span> 
     </span>
     <span class='ocr_line' id='line_1_63' title="bbox 1267 2726 2070 2775; baseline -0.01 -3"><span class='ocrx_word' id='word_1_267' title='bbox 1267 2731 1545 2772; x_wconf 88' lang='lat' dir='ltr'><strong>minationem</strong></span> <span class='ocrx_word' id='word_1_268' title='bbox 1563 2730 1632 2770; x_wconf 86' lang='lat' dir='ltr'><strong>vel</strong></span> <span class='ocrx_word' id='word_1_269' title='bbox 1651 2727 1999 2775; x_wconf 81' lang='lat' dir='ltr'><strong>installationem,</strong></span> <span class='ocrx_word' id='word_1_270' title='bbox 2018 2726 2070 2765; x_wconf 79' lang='lat' dir='ltr'><strong>ib.</strong></span> 
     </span>
    </p>
   </div>
   <div class='ocr_carea' id='block_1_15' title="bbox 1253 2800 2070 2857">
    <p class='ocr_par' dir='ltr' id='par_1_17' title="bbox 1253 2800 2070 2857">
     <span class='ocr_line' id='line_1_64' title="bbox 1253 2800 2070 2857; baseline -0.01 -10"><span class='ocrx_word' id='word_1_271' title='bbox 1253 2805 1429 2857; x_wconf 25' lang='lat' dir='ltr'><strong>,Eorum</strong></span> <span class='ocrx_word' id='word_1_272' title='bbox 1470 2803 1776 2857; x_wconf 86' lang='lat' dir='ltr'><strong>praecedentia,</strong></span> <span class='ocrx_word' id='word_1_273' title='bbox 1819 2803 1870 2841; x_wconf 78' lang='lat' dir='ltr'><strong>ib.</strong></span> <span class='ocrx_word' id='word_1_274' title='bbox 1946 2800 2070 2840; x_wconf 87' lang='lat' dir='ltr'><strong>Divi-</strong></span> 
     </span>
    </p>
   </div>
   <div class='ocr_carea' id='block_1_16' title="bbox 1267 2876 2070 2923">
    <p class='ocr_par' dir='ltr' id='par_1_18' title="bbox 1267 2876 2070 2923">
     <span class='ocr_line' id='line_1_65' title="bbox 1267 2876 2070 2923; baseline -0.01 -1"><span class='ocrx_word' id='word_1_275' title='bbox 1267 2894 1371 2922; x_wconf 91' lang='lat' dir='ltr'><strong>num</strong></span> <span class='ocrx_word' id='word_1_276' title='bbox 1390 2880 1571 2921; x_wconf 88' lang='lat' dir='ltr'><strong>officium</strong></span> <span class='ocrx_word' id='word_1_277' title='bbox 1593 2882 1635 2919; x_wconf 87' lang='lat' dir='ltr'><strong>et</strong></span> <span class='ocrx_word' id='word_1_278' title='bbox 1655 2878 1874 2919; x_wconf 84' lang='lat' dir='ltr'><strong>servitium</strong></span> <span class='ocrx_word' id='word_1_279' title='bbox 1891 2876 2070 2923; x_wconf 79' lang='lat' dir='ltr'><strong>chorale,</strong></span> 
     </span>
    </p>
   </div>
   <div class='ocr_carea' id='block_1_17' title="bbox 158 2955 1078 3606">
    <p class='ocr_par' dir='ltr' id='par_1_19' title="bbox 158 2955 1078 3606">
     <span class='ocr_line' id='line_1_66' title="bbox 158 2955 1076 2998; baseline -0.004 0"><span class='ocrx_word' id='word_1_280' title='bbox 158 2955 351 2998; x_wconf 62' lang='lat' dir='ltr'><strong>Carum</strong></span> <span class='ocrx_word' id='word_1_281' title='bbox 378 2967 468 2995; x_wconf 68' lang='lat' dir='ltr'><strong>non</strong></span> <span class='ocrx_word' id='word_1_282' title='bbox 495 2966 740 2994; x_wconf 58' lang='lat' dir='ltr'><strong>ammaum</strong></span> <span class='ocrx_word' id='word_1_283' title='bbox 810 2983 823 2996; x_wconf 92' lang='lat'>.</span> <span class='ocrx_word' id='word_1_284' title='bbox 882 2985 894 2996; x_wconf 95' lang='lat'>.</span> <span class='ocrx_word' id='word_1_285' title='bbox 954 2985 966 2996; x_wconf 93' lang='lat'>.</span> <span class='ocrx_word' id='word_1_286' title='bbox 999 2957 1076 2994; x_wconf 86' lang='lat'>233</span> 
     </span>
     <span class='ocr_line' id='line_1_67' title="bbox 159 3031 1077 3073; baseline -0.004 -1"><span class='ocrx_word' id='word_1_287' title='bbox 159 3031 381 3073; x_wconf 60' lang='lat' dir='ltr'><strong>cimon</strong></span> <span class='ocrx_word' id='word_1_288' title='bbox 401 3031 673 3071; x_wconf 55' lang='lat' dir='ltr'><strong>Oinoussa.</strong></span> <span class='ocrx_word' id='word_1_289' title='bbox 743 3059 754 3070; x_wconf 90' lang='lat'>.</span> <span class='ocrx_word' id='word_1_290' title='bbox 814 3058 824 3069; x_wconf 97' lang='lat'>.</span> <span class='ocrx_word' id='word_1_291' title='bbox 886 3059 895 3069; x_wconf 91' lang='lat'>.</span> <span class='ocrx_word' id='word_1_292' title='bbox 955 3059 966 3071; x_wconf 90' lang='lat'>.</span> <span class='ocrx_word' id='word_1_293' title='bbox 1024 3031 1077 3069; x_wconf 86' lang='lat'>42</span> 
     </span>
     <span class='ocr_line' id='line_1_68' title="bbox 163 3102 1076 3153; baseline -0.003 -8"><span class='ocrx_word' id='word_1_294' title='bbox 163 3105 432 3146; x_wconf 65' lang='lat' dir='ltr'><strong>eux-rumne</strong></span> <span class='ocrx_word' id='word_1_295' title='bbox 465 3103 760 3144; x_wconf 59' lang='lat' dir='ltr'><strong>cinnoma</strong></span> <span class='ocrx_word' id='word_1_296' title='bbox 789 3103 827 3153; x_wconf 85' lang='lat'><strong>7,</strong></span> <span class='ocrx_word' id='word_1_297' title='bbox 856 3102 1076 3143; x_wconf 86' lang='lat' dir='ltr'><strong>Constitu-</strong></span> 
     </span>
     <span class='ocr_line' id='line_1_69' title="bbox 276 3176 1075 3229; baseline -0.001 -10"><span class='ocrx_word' id='word_1_298' title='bbox 276 3181 408 3229; x_wconf 83' lang='lat' dir='ltr'><strong>entes‚</strong></span> <span class='ocrx_word' id='word_1_299' title='bbox 439 3179 478 3219; x_wconf 88' lang='lat'><strong>8.</strong></span> <span class='ocrx_word' id='word_1_300' title='bbox 547 3176 844 3229; x_wconf 84' lang='lat' dir='ltr'><strong>Exceptiones‚</strong></span> <span class='ocrx_word' id='word_1_301' title='bbox 878 3177 932 3218; x_wconf 78' lang='lat' dir='ltr'><strong>ib.</strong></span> <span class='ocrx_word' id='word_1_302' title='bbox 990 3177 1075 3218; x_wconf 90' lang='lat' dir='ltr'><strong>Ec·</strong></span> 
     </span>
     <span class='ocr_line' id='line_1_70' title="bbox 277 3252 1075 3303; baseline -0.001 -8"><span class='ocrx_word' id='word_1_303' title='bbox 277 3254 405 3295; x_wconf 85' lang='lat' dir='ltr'><strong>clesia</strong></span> <span class='ocrx_word' id='word_1_304' title='bbox 456 3252 838 3303; x_wconf 74' lang='lat' dir='ltr'><strong>vice-cathedralia,</strong></span> <span class='ocrx_word' id='word_1_305' title='bbox 895 3253 948 3303; x_wconf 71' lang='lat' dir='ltr'><strong>ib,</strong></span> <span class='ocrx_word' id='word_1_306' title='bbox 1008 3254 1075 3303; x_wconf 81' lang='lat'><strong>57,</strong></span> 
     </span>
     <span class='ocr_line' id='line_1_71' title="bbox 280 3327 1075 3381; baseline -0.003 -11"><span class='ocrx_word' id='word_1_307' title='bbox 280 3332 371 3371; x_wconf 91' lang='grc'><strong>213.</strong></span> <span class='ocrx_word' id='word_1_308' title='bbox 468 3329 642 3370; x_wconf 86' lang='lat' dir='ltr'><strong>Titulus</strong></span> <span class='ocrx_word' id='word_1_309' title='bbox 712 3327 962 3381; x_wconf 84' lang='lat' dir='ltr'><strong>Praepositi,</strong></span> <span class='ocrx_word' id='word_1_310' title='bbox 1037 3330 1075 3368; x_wconf 94' lang='lat'><strong>8.</strong></span> 
     </span>
     <span class='ocr_line' id='line_1_72' title="bbox 280 3401 1075 3455; baseline -0.005 -9"><span class='ocrx_word' id='word_1_311' title='bbox 280 3404 483 3446; x_wconf 88' lang='lat' dir='ltr'><strong>Canonici</strong></span> <span class='ocrx_word' id='word_1_312' title='bbox 533 3404 774 3455; x_wconf 86' lang='lat' dir='ltr'><strong>Theologus</strong></span> <span class='ocrx_word' id='word_1_313' title='bbox 826 3405 871 3444; x_wconf 89' lang='lat' dir='ltr'><strong>et</strong></span> <span class='ocrx_word' id='word_1_314' title='bbox 921 3401 1075 3443; x_wconf 90' lang='lat' dir='ltr'><strong>Poeni-</strong></span> 
     </span>
     <span class='ocr_line' id='line_1_73' title="bbox 277 3476 1078 3529; baseline -0.005 -8"><span class='ocrx_word' id='word_1_315' title='bbox 277 3479 516 3529; x_wconf 87' lang='lat' dir='ltr'><strong>tentiarius,</strong></span> <span class='ocrx_word' id='word_1_316' title='bbox 553 3480 605 3519; x_wconf 83' lang='lat' dir='ltr'><strong>ib.</strong></span> <span class='ocrx_word' id='word_1_317' title='bbox 643 3481 709 3527; x_wconf 88' lang='grc'><strong>43,</strong></span> <span class='ocrx_word' id='word_1_318' title='bbox 742 3480 808 3518; x_wconf 83' lang='grc'><strong>54.</strong></span> <span class='ocrx_word' id='word_1_319' title='bbox 875 3476 1078 3518; x_wconf 83' lang='lat' dir='ltr'><strong>Canonici</strong></span> 
     </span>
     <span class='ocr_line' id='line_1_74' title="bbox 277 3550 1076 3606; baseline -0.006 -13"><span class='ocrx_word' id='word_1_320' title='bbox 277 3552 484 3606; x_wconf 89' lang='lat' dir='ltr'><strong>quomodo</strong></span> <span class='ocrx_word' id='word_1_321' title='bbox 508 3550 771 3603; x_wconf 86' lang='lat' dir='ltr'><strong>designandi,</strong></span> <span class='ocrx_word' id='word_1_322' title='bbox 795 3552 834 3591; x_wconf 91' lang='lat'><strong>8.</strong></span> <span class='ocrx_word' id='word_1_323' title='bbox 892 3550 1076 3602; x_wconf 88' lang='lat' dir='ltr'><strong>Exemp-</strong></span> 
     </span>
    </p>
   </div>
   <div class='ocr_carea' id='block_1_18' title="bbox 1268 2951 2073 3601">
    <p class='ocr_par' dir='ltr' id='par_1_20' title="bbox 1268 2951 2073 3601">
     <span class='ocr_line' id='line_1_75' title="bbox 1270 2951 2070 3007; baseline -0.009 -11"><span class='ocrx_word' id='word_1_324' title='bbox 1270 2961 1337 3007; x_wconf 88' lang='grc'><strong>41,</strong></span> <span class='ocrx_word' id='word_1_325' title='bbox 1360 2958 1425 2995; x_wconf 85' lang='grc'><strong>53.</strong></span> <span class='ocrx_word' id='word_1_326' title='bbox 1478 2954 1692 2995; x_wconf 86' lang='lat' dir='ltr'><strong>Ecclesiae</strong></span> <span class='ocrx_word' id='word_1_327' title='bbox 1712 2951 1966 2993; x_wconf 85' lang='lat' dir='ltr'><strong>cathedralis</strong></span> <span class='ocrx_word' id='word_1_328' title='bbox 1996 2951 2070 2990; x_wconf 85' lang='lat' dir='ltr'><strong>ad·</strong></span> 
     </span>
     <span class='ocr_line' id='line_1_76' title="bbox 1268 3028 2065 3083; baseline -0.009 -11"><span class='ocrx_word' id='word_1_329' title='bbox 1268 3031 1526 3072; x_wconf 86' lang='lat' dir='ltr'><strong>ministratio</strong></span> <span class='ocrx_word' id='word_1_330' title='bbox 1556 3042 1685 3083; x_wconf 87' lang='lat' dir='ltr'><strong>penes</strong></span> <span class='ocrx_word' id='word_1_331' title='bbox 1717 3029 1971 3081; x_wconf 88' lang='lat' dir='ltr'><strong>episcopum,</strong></span> <span class='ocrx_word' id='word_1_332' title='bbox 2000 3028 2065 3066; x_wconf 88' lang='grc'><strong>42.</strong></span> 
     </span>
     <span class='ocr_line' id='line_1_77' title="bbox 1270 3102 2067 3151; baseline -0.009 -3"><span class='ocrx_word' id='word_1_333' title='bbox 1270 3106 1532 3148; x_wconf 89' lang='lat' dir='ltr'><strong>Oeconomus</strong></span> <span class='ocrx_word' id='word_1_334' title='bbox 1551 3104 1647 3145; x_wconf 88' lang='lat' dir='ltr'><strong>sede</strong></span> <span class='ocrx_word' id='word_1_335' title='bbox 1666 3106 1854 3149; x_wconf 86' lang='lat' dir='ltr'><strong>vacante,</strong></span> <span class='ocrx_word' id='word_1_336' title='bbox 1870 3103 1923 3142; x_wconf 81' lang='lat' dir='ltr'><strong>ib.</strong></span> <span class='ocrx_word' id='word_1_337' title='bbox 1961 3102 2067 3151; x_wconf 82' lang='lat' dir='ltr'><strong>Dig-</strong></span> 
     </span>
     <span class='ocr_line' id='line_1_78' title="bbox 1270 3176 2073 3227; baseline -0.007 -7"><span class='ocrx_word' id='word_1_338' title='bbox 1270 3179 1384 3220; x_wconf 82' lang='lat' dir='ltr'><strong>nitas</strong></span> <span class='ocrx_word' id='word_1_339' title='bbox 1427 3178 1566 3227; x_wconf 89' lang='lat' dir='ltr'><strong>unica,</strong></span> <span class='ocrx_word' id='word_1_340' title='bbox 1610 3179 1675 3217; x_wconf 88' lang='grc'><strong>42.</strong></span> <span class='ocrx_word' id='word_1_341' title='bbox 1753 3176 1990 3217; x_wconf 82' lang='lat' dir='ltr'><strong>Concursus</strong></span> <span class='ocrx_word' id='word_1_342' title='bbox 2029 3177 2073 3214; x_wconf 88' lang='lat' dir='ltr'><strong>in</strong></span> 
     </span>
     <span class='ocr_line' id='line_1_79' title="bbox 1270 3252 2072 3303; baseline -0.01 -7"><span class='ocrx_word' id='word_1_343' title='bbox 1270 3255 1533 3303; x_wconf 86' lang='lat' dir='ltr'><strong>canonicatu,</strong></span> <span class='ocrx_word' id='word_1_344' title='bbox 1568 3257 1632 3294; x_wconf 93' lang='grc'><strong>43.</strong></span> <span class='ocrx_word' id='word_1_345' title='bbox 1708 3252 1977 3294; x_wconf 77' lang='lat' dir='ltr'><strong>secretarius.</strong></span> <span class='ocrx_word' id='word_1_346' title='bbox 2022 3252 2072 3290; x_wconf 76' lang='lat' dir='ltr'><strong>ib.</strong></span> 
     </span>
     <span class='ocr_line' id='line_1_80' title="bbox 1270 3326 2068 3377; baseline -0.009 -7"><span class='ocrx_word' id='word_1_347' title='bbox 1270 3327 1588 3377; x_wconf 82' lang='lat' dir='ltr'><strong>Thesaurarius,</strong></span> <span class='ocrx_word' id='word_1_348' title='bbox 1640 3327 1693 3367; x_wconf 71' lang='lat' dir='ltr'><strong>ib.</strong></span> <span class='ocrx_word' id='word_1_349' title='bbox 1779 3326 1975 3374; x_wconf 87' lang='lat' dir='ltr'><strong>Sacrista,</strong></span> <span class='ocrx_word' id='word_1_350' title='bbox 2018 3326 2068 3364; x_wconf 74' lang='lat' dir='ltr'><strong>ib.</strong></span> 
     </span>
     <span class='ocr_line' id='line_1_81' title="bbox 1270 3400 2073 3452; baseline -0.007 -8"><span class='ocrx_word' id='word_1_351' title='bbox 1270 3402 1645 3452; x_wconf 73' lang='lat' dir='ltr'><strong>eaeremoniarius,</strong></span> <span class='ocrx_word' id='word_1_352' title='bbox 1710 3402 1762 3441; x_wconf 77' lang='lat' dir='ltr'><strong>ib.</strong></span> <span class='ocrx_word' id='word_1_353' title='bbox 1868 3400 2073 3440; x_wconf 79' lang='lat' dir='ltr'><strong>Deccssus</strong></span> 
     </span>
     <span class='ocr_line' id='line_1_82' title="bbox 1270 3474 2070 3519; baseline -0.006 -2"><span class='ocrx_word' id='word_1_354' title='bbox 1270 3475 1579 3518; x_wconf 85' lang='lat' dir='ltr'><strong>canonicorum.</strong></span> <span class='ocrx_word' id='word_1_355' title='bbox 1612 3477 1678 3516; x_wconf 80' lang='lat'><strong>47.</strong></span> <span class='ocrx_word' id='word_1_356' title='bbox 1752 3474 2070 3519; x_wconf 79' lang='lat' dir='ltr'><strong>Resolutionum</strong></span> 
     </span>
     <span class='ocr_line' id='line_1_83' title="bbox 1270 3548 2069 3601; baseline -0.004 -12"><span class='ocrx_word' id='word_1_357' title='bbox 1270 3549 1568 3601; x_wconf 78' lang='lat' dir='ltr'><strong>capitularium</strong></span> <span class='ocrx_word' id='word_1_358' title='bbox 1614 3548 1827 3600; x_wconf 86' lang='lat' dir='ltr'><strong>exemplar</strong></span> <span class='ocrx_word' id='word_1_359' title='bbox 1870 3560 1955 3587; x_wconf 89' lang='lat' dir='ltr'><strong>non</strong></span> <span class='ocrx_word' id='word_1_360' title='bbox 1993 3560 2069 3586; x_wconf 86' lang='lat' dir='ltr'><strong>ne·</strong></span> 
     </span>
    </p>
   </div>
   <div class='ocr_carea' id='block_1_19' title="bbox 278 3622 2070 3676">
    <p class='ocr_par' dir='ltr' id='par_1_21' title="bbox 278 3622 2070 3676">
     <span class='ocr_line' id='line_1_84' title="bbox 278 3622 2070 3676; baseline -0.003 -8"><span class='ocrx_word' id='word_1_361' title='bbox 278 3627 341 3668; x_wconf 89' lang='lat' dir='ltr'><strong>tio</strong></span> <span class='ocrx_word' id='word_1_362' title='bbox 376 3639 403 3667; x_wconf 85' lang='lat' dir='ltr'><strong>a</strong></span> <span class='ocrx_word' id='word_1_363' title='bbox 438 3627 666 3668; x_wconf 86' lang='lat' dir='ltr'><strong>residentia</strong></span> <span class='ocrx_word' id='word_1_364' title='bbox 702 3628 747 3667; x_wconf 90' lang='lat' dir='ltr'><strong>et</strong></span> <span class='ocrx_word' id='word_1_365' title='bbox 783 3625 912 3666; x_wconf 86' lang='lat' dir='ltr'><strong>sacris</strong></span> <span class='ocrx_word' id='word_1_366' title='bbox 929 3625 1077 3666; x_wconf 84' lang='lat' dir='ltr'><strong>officiis</strong></span> <span class='ocrx_word' id='word_1_367' title='bbox 1270 3623 1457 3676; x_wconf 83' lang='lat' dir='ltr'><strong>gaudum</strong></span> <span class='ocrx_word' id='word_1_368' title='bbox 1521 3622 1727 3676; x_wconf 86' lang='lat' dir='ltr'><strong>episcopo,</strong></span> <span class='ocrx_word' id='word_1_369' title='bbox 1801 3623 1854 3662; x_wconf 75' lang='lat' dir='ltr'><strong>ib.</strong></span> <span class='ocrx_word' id='word_1_370' title='bbox 1950 3622 2070 3663; x_wconf 84' lang='lat' dir='ltr'><strong>Libri</strong></span> 
     </span>
    </p>
   </div>
  </div>
 </body>
</html>
