2534 4374
369 451 453 512 46
949 463 1112 506 coNC.
1157 462 1326 507 Pssov.
1371 461 1594 504 wEs‘rM.
1639 462 1678 502 1.

505 616 593 666 45.
644 613 795 675 Quod
844 614 889 663 si
939 613 997 661 in
1045 611 1216 678 primo
1268 609 1525 660 scrutinio
1574 607 1753 658 nullus
1796 607 1958 659 fuerit
2005 612 2276 660 assecutus

363 703 617 770 majorem
642 715 939 759 numerum,
963 698 1160 747 iterum
1186 694 1436 762 suffragia
1479 692 1715 743 ferantur
1756 708 1922 760 usque
1964 693 2094 744 dum
2137 710 2278 745 unus

363 787 524 838 fuerit
548 784 706 834 illum
730 785 1012 832 assecutus

505 870 593 921 46.
644 868 761 918 Hac
787 866 952 916 etiam
977 863 1181 913 ratione
1205 862 1596 929 procedendum
1620 862 1722 911 erit
1745 861 1813 911 ad
1853 861 2274 931 designationem

362 955 580 1006 alterius
604 957 660 1003 et
701 951 852 1002 tertii
890 948 1180 1000 candidati.
1253 946 1335 998 De
1374 946 1520 998 hisce
1567 946 1815 997 omnibus
1857 947 2275 1000 instrumentum

362 1041 457 1091 fiet
480 1040 563 1090 his
588 1037 844 1089 terminis.

503 1128 538 1155 ‘⁶
558 1124 793 1173 Vacante
817 1123 1030 1188 propter
1055 1119 1265 1170 obitum
1290 1117 1375 1169 vel
1382 1154 1730 1170 ...............
1737 1116 1801 1168 R.
1818 1117 1881 1168 P.
1901 1117 2025 1169 Dni.
2058 1116 2151 1189 [N.
2170 1117 2268 1190 N]

363 1209 496 1263 Sede
525 1206 647 1279 [N]
677 1205 986 1274 Capitulum
1024 1204 1304 1255 sessionem
1343 1206 1597 1254 secretam
1636 1202 1846 1265 habuit,
1869 1201 1968 1254 hac
1993 1203 2147 1254 die...
2177 1204 2279 1256 sub

360 1295 654 1364 praesentia
698 1292 762 1343 R.
802 1291 864 1341 P.
895 1289 1021 1340 Dni.
1052 1287 1146 1359 [N.
1165 1287 1262 1358 N]
1303 1288 1701 1356 Archiepiscopi
1740 1288 1891 1340 vel...
1933 1289 1992 1338 in
2016 1305 2122 1356 qua
2154 1293 2277 1357 post

362 1382 678 1444 celebratam
702 1378 918 1428 missam
942 1376 1006 1426 de
1032 1374 1240 1442 Spiritu
1265 1373 1481 1436 Sanct0,
1507 1374 1665 1425 electi
1698 1374 1914 1425 fuerunt
1947 1373 2278 1428 Scrutatores

361 1468 425 1519 R.
444 1467 510 1517 D.
543 1464 637 1535 [N.
655 1461 772 1533 N.],
797 1462 861 1513 R.
880 1461 947 1512 D.
979 1459 1071 1531 [N.
1089 1458 1207 1530 N.],
1231 1459 1295 1511 R.
1313 1459 1379 1510 D.
1406 1457 1501 1529 [N.
1517 1457 1616 1528 N.]

504 1555 538 1581 ‘⁶
555 1550 720 1600 Facto
745 1551 825 1598 ter
851 1546 1103 1598 scrutinio
1123 1549 1332 1596 constat
1357 1561 1421 1595 ex
1440 1544 1545 1612 maj
1553 1561 1639 1595 ore
1663 1560 1881 1595 numero
1902 1543 2274 1614 suffragiorum

363 1634 723 1706 proponendos
766 1649 874 1683 esse
917 1630 971 1683 S.
1014 1630 1163 1683 Sedis
1196 1630 1406 1698 judicio
1447 1629 1585 1680 viros
1626 1627 2004 1682 ecclesiasticos
2045 1646 2277 1702 quorum

361 1722 580 1773 nomina
603 1719 691 1770 hic
716 1718 893 1769 ordine
917 1716 1253 1784 alphabetico
1282 1714 1685 1767 describunturz

968 1802 1097 1853 Rev.
1122 1801 1287 1852 Dnus.
1320 1799 1437 1870 [A.]

967 1888 1097 1939 Rev.
1123 1886 1290 1937 Dnus.
1321 1884 1437 1955 [Β.]

966 1973 1093 2024 Rev.
1120 1971 1285 2022 DnuS.
1316 1969 1430 2041 [C.]

506 2066 539 2093 ‘⁶
561 2060 752 2114 Omnia
771 2076 890 2110 vero
908 2061 1122 2126 peracta
1140 2057 1358 2107 fuerunt
1382 2056 1451 2107 ad
1475 2057 1718 2110 tramites
1735 2057 2066 2111 decretorum
2087 2055 2273 2111 Sacrae

366 2145 799 2214 Congregationis
824 2145 890 2194 de
914 2143 1261 2211 Propaganda
1285 2141 1436 2193 Fide.

504 2234 538 2260 “
558 2230 625 2279 In
682 2245 907 2296 quorum
964 2226 1127 2278 fidem
1187 2229 1281 2279 has
1340 2232 1639 2296 praesentes
1693 2231 1796 2282 rite
1857 2230 2154 2298 publicatas
2212 2230 2276 2281 in

366 2316 635 2384 Capitulo,
672 2316 907 2365 munitas
950 2314 1143 2383 sigillo
1169 2314 1471 2381 capitulari,
1515 2319 1571 2365 et
1611 2315 1710 2366 sub
1747 2331 1911 2366 manu
1954 2315 2276 2382 Praepositi,

366 2401 658 2467 Secretarii,
673 2404 729 2450 et
753 2399 1138 2462 Scrutatorum,
1164 2397 1477 2466 Capitulum
1502 2399 1616 2450 dari
1633 2399 1800 2467 jussit
1823 2400 1928 2451 die.
1942 2438 1977 2451 ..
1997 2400 2240 2451 Mensis..
2253 2439 2266 2451 .

362 2485 522 2536 Anni.
536 2525 547 2536 .
559 2524 571 2537 .

914 2556 977 2608 A.
1028 2554 1396 2625 Praepositus
1458 2555 1526 2608 G.

539 2637 602 2688 L.
627 2635 698 2707 *¹⁴
717 2636 770 2691 S.
915 2637 982 2689 D.
1033 2635 1375 2690 Secretarius
1447 2637 1527 2688 M.
1574 2557 1629 2766 }
1675 2628 2064 2683 scrutatores?

1456 2721 1526 2773 N.

504 2804 629 2856 Tria
667 2822 787 2856 vero
831 2805 1071 2873 exempla
1113 2806 1425 2857 authentica
1460 2805 1613 2868 fiant,
1657 2821 1882 2872 quorum
1918 2820 2090 2856 unum
2127 2803 2270 2872 apud

364 2887 676 2958 Capitulum
718 2895 1022 2955 asservetur,
1064 2892 1291 2943 alterum
1330 2893 1475 2960 apud
1523 2891 2008 2959 Archiepiscopum,
2047 2892 2271 2943 tertium

363 2991 485 3026 vero
524 2976 591 3026 ab
624 2976 1027 3044 Archiepiscopo
1051 2978 1119 3027 ad
1146 2976 1261 3028 Sac.
1289 2976 1451 3046 Cong.
1480 2977 1546 3028 de
1570 2977 1918 3046 Propaganda
1941 2976 2077 3027 Fide
2101 2979 2274 3028 trans·

363 3060 630 3110 mittatur.

509 3143 595 3196 47.
647 3145 801 3196 Idem
841 3146 966 3196 ordo
1009 3145 1256 3216 suffragia
1293 3147 1510 3211 ferendi,
1552 3163 1715 3213 eaque
1751 3146 1809 3196 in
1833 3162 2022 3197 manus
2057 3144 2274 3197 Scruta-

366 3232 542 3279 torum
578 3229 864 3292 deferendi,
888 3234 1118 3281 servetur
1141 3231 1199 3281 in
1229 3232 1581 3299 proponendis
1617 3232 1786 3282 tribus
1809 3231 2177 3282 ecclesiasticis
2200 3231 2269 3282 ad

366 3314 706 3365 canonicatus
742 3319 987 3366 vacantes
1029 3317 1240 3382 quando
1279 3317 1570 3384 propositio
1595 3320 1802 3384 spectat
1837 3316 1906 3367 ad
1939 3315 2266 3383 Capitulum.

367 3397 664 3450 Omittatur
712 3418 832 3451 vero
881 3402 1258 3452 documentum
1308 3404 1839 3468 supra-memoratum
1887 3403 1944 3451 et
1991 3401 2106 3469 ejus
2153 3401 2272 3452 loco

369 3483 726 3534 substituatur
750 3485 896 3535 aliud
920 3486 1000 3535 ita
1023 3502 1338 3552 expressum.

510 3571 598 3619 48.
648 3573 682 3599 ‘⁶
702 3570 935 3620 Vacante
972 3571 1287 3621 canonicatu
1322 3573 1535 3638 propter
1558 3574 1802 3633 mortem,
1838 3570 2269 3639 resignationem,

366 3655 487 3716 etc.,
515 3651 825 3720 Capitulum
852 3656 1130 3704 sessionem
1155 3655 1441 3706 solemnem
1464 3655 1656 3706 habuit
1679 3656 1785 3707 die.
1799 3696 1834 3708 ..
1857 3673 2051 3707 mense.
2065 3694 2100 3706 ..
2129 3657 2261 3706 18...

368 3738 428 3788 in
453 3755 558 3805 qua
581 3743 702 3806 post
725 3739 941 3793 missam
966 3740 1031 3790 de
1057 3740 1251 3790 Sancto
1278 3739 1500 3807 Spiritu,
1519 3740 1676 3791 electi
1701 3741 1916 3792 fuerunt
1942 3739 2268 3793 Scrutatores
