2534 4374
548 447 794 490 APPEND.
841 450 879 490 1.
967 450 1167 493 nivere.
1219 437 1483 503 ιςιυΑΝἰἊ
1526 439 1708 498 curu)
1956 442 2076 501 261

181 594 359 662 palam
397 609 604 662 erogare
645 592 904 655 valeant,”
947 610 1008 644 ac
1048 594 1112 644 de
1151 594 1327 645 medio
1371 595 1661 647 tollendam
1703 597 1893 667 legem,
1942 604 2088 667 “qua

181 680 337 730 certis
361 679 627 746 aliquibus
654 679 839 730 diebus
864 696 1018 747 opera
1043 679 1252 731 servilia
1283 687 1493 748 propter
1530 682 1628 733 Dei
1667 683 1872 734 cultum
1916 685 2089 751 prohi-

181 763 417 827 bentur,’'
466 764 802 815 fallacissime
844 769 1224 832 praetexenteS,
1267 773 1731 819 commemoratam
1776 768 2085 819 facultatem

180 856 236 903 et
260 850 431 920 legem
456 850 691 918 optimae
715 849 959 917 publicae
984 851 1315 902 oeconomiae
1341 852 1617 921 principiis
1642 854 1908 906 obsistere.

322 934 510 1003 Neque
553 936 792 985 contenti
832 952 1073 986 amovere
1120 936 1429 1003 religionem
1478 954 1509 988 a
1560 938 1772 1006 publica
1821 941 2089 1001 socictate,

180 1020 368 1072 volunt
390 1019 700 1088 religionem
726 1020 895 1086 ipsam
915 1036 946 1070 a
965 1019 1186 1087 privatis
1204 1021 1370 1072 etiam
1389 1038 1560 1074 arcere
1580 1024 1813 1076 familiis.
1875 1026 2086 1075 Etenim

180 1105 600 1157 funestissimum
646 1101 1063 1155 Communismi
1106 1109 1161 1156 et
1206 1103 1528 1158 Socialiemi
1569 1109 1814 1160 docentes
1863 1128 1923 1160 ac
1974 1128 2091 1180 pro-

179 1192 389 1243 fitentes
421 1206 642 1241 errorem
674 1194 926 1252 asserunt,
961 1191 1317 1242 “societatem
1343 1192 1686 1245 domesticam
1713 1213 1802 1246 scu
1830 1196 2086 1246 familiam

180 1282 351 1328 totam
376 1292 497 1326 suae
523 1274 836 1326 existentiae
860 1274 1123 1326 rationem
1149 1292 1182 1327 a
1197 1275 1320 1344 jure
1345 1277 1625 1329 dumtaxat
1652 1281 1797 1330 civili
1824 1281 2053 1330 mutuari
2075 1299 2089 1337 ;

178 1362 499 1430 proindeque
543 1378 606 1412 ex
655 1360 771 1430 lege
819 1365 1036 1411 tantum
1086 1361 1233 1412 civili
1282 1362 1550 1414 dimanare
1599 1382 1659 1414 ac
1709 1366 1927 1432 pendere
1968 1365 2089 1432 jura

178 1452 358 1504 omnia
395 1453 679 1518 parentum
703 1449 763 1500 in
781 1450 937 1514 filios,
962 1468 1085 1501 cum
1119 1452 1304 1519 primis
1334 1470 1452 1505 vero
1468 1453 1559 1520 jus
1586 1455 1939 1505 institutionis
1964 1456 2091 1505 eilu-

177 1536 506 1603 cationisque
555 1534 862 1586 curandae.''
955 1534 1158 1596 Quibus
1205 1538 1388 1605 impiis
1437 1539 1773 1606 opinionibus
1821 1540 2093 1590 machina-

177 1622 515 1688 tionibusque
540 1621 598 1671 in
622 1620 679 1671 id
703 1620 985 1688 praecipue
1019 1621 1310 1672 intendunt
1344 1622 1668 1674 fallacissimi
1706 1625 1797 1674 isti
1835 1625 2089 1685 homines,

176 1712 240 1759 ut
282 1707 552 1759 salutifera
595 1704 884 1757 catholicae
929 1705 1194 1757 Ecclesiae
1232 1707 1472 1758 doctrina
1511 1726 1572 1759 ac
1612 1710 1690 1759 vis
1728 1727 1759 1759 a
1787 1709 2090 1776 juventutis

176 1793 515 1845 institutione
556 1796 612 1843 et
651 1791 963 1842 educatione
1002 1808 1209 1859 prorsus
1246 1792 1570 1856 eliminetur,
1595 1810 1656 1844 ac
1691 1795 1856 1845 teneri
1887 1793 2093 1845 flexibi-

174 1880 349 1947 lesque
377 1878 641 1946 juvenum
677 1877 845 1928 animi
882 1877 1189 1945 perniciosis
1228 1878 1525 1945 quibusque
1552 1880 1806 1930 erroribus
1842 1879 2090 1947 vitiisque

95 1968 107 1980 ⁶
176 1963 362 2012 misere
400 1959 710 2010 inficiantur
747 1976 808 2010 ac
849 1960 1217 2027 depraventur.
1293 1959 1571 2027 Siquidem
1610 1978 1808 2024 omneS,
1847 1963 1939 2029 qui
1980 1979 2089 2012 rem

176 2052 295 2096 tum
338 2062 553 2108 sacram,
601 2048 721 2094 tum
771 2044 1043 2111 publicam
1093 2044 1412 2111 perturbare,
1460 2062 1521 2096 ac
1570 2049 1775 2096 rectum
1824 2047 2091 2097 societatis

174 2132 410 2182 ordinem
452 2133 698 2191 evertere,
739 2132 795 2179 et
826 2128 951 2196 jura
991 2130 1171 2180 omnia
1209 2129 1393 2180 divina
1427 2134 1482 2181 et
1515 2130 1747 2180 humana
1772 2130 1942 2180 delere
1969 2137 2087 2181 sunt

174 2216 369 2280 conati,
395 2216 575 2267 omnia
600 2215 801 2265 nefaria
826 2231 920 2265 sua
945 2214 1184 2277 consilia,
1209 2215 1386 2266 studia
1412 2221 1465 2266 et
1492 2232 1702 2283 operam
1742 2216 1799 2266 in
1839 2217 2092 2283 improvi-

173 2302 297 2352 dam
340 2301 648 2368 praesertim
683 2299 1029 2367 juventutem
1071 2300 1439 2367 decipiendam
1483 2317 1543 2351 ac
1583 2301 1989 2368 depravandam,
2027 2308 2090 2351 ut

173 2404 327 2455 supra
367 2386 659 2448 innuimus,
700 2401 903 2452 semper
942 2384 1302 2447 contulerunt,
1326 2402 1643 2453 omnemque
1669 2403 1815 2453 spem
1841 2386 1898 2436 in
1924 2387 2091 2453 ipsius

171 2472 466 2542 juventutis
509 2470 805 2538 corruptela
848 2469 1189 2521 collocarunt.
1266 2454 1520 2530 Quocirca
1562 2488 1837 2539 nunquam
1886 2480 2089 2522 cessant

170 2564 460 2625 utrumque
485 2556 703 2619 clerum,
724 2573 788 2606 ex
813 2572 937 2623 qu0,
956 2555 1128 2606 veluti
1154 2555 1445 2606 certissima
1470 2555 1719 2606 historiae
1744 2562 2090 2608 monumenta

172 2628 447 2713 splendide
472 2645 755 2705 testantur,
786 2644 871 2691 tot
907 2657 1103 2710 magna
1140 2641 1199 2691 in
1239 2640 1599 2706 christianam,
1637 2642 1865 2703 civilem,
1905 2648 1960 2694 et
1999 2644 2091 2694 lit-

171 2729 416 2780 terariam
473 2725 857 2794 rempublicam
916 2726 1193 2776 commoda
1242 2726 1621 2790 redundarunt,
1670 2727 2089 2796 quibuscumque

172 2813 405 2864 infandis
430 2810 603 2862 modis
627 2810 888 2873 divexare,
914 2814 970 2861 et
996 2810 1213 2874 edicere,
1238 2810 1417 2878 ipsum
1452 2809 1663 2862 Clerum
1702 2816 1734 2842 “
1750 2817 1940 2880 utpote
1973 2831 2090 2864 vero

171 2898 400 2966 utilique
450 2896 704 2947 scientiae
746 2899 802 2946 et
845 2895 1125 2946 civilitatis
1167 2897 1462 2966 progressui
1506 2897 1788 2948 inimicum
1833 2898 1900 2948 ab
1941 2900 2087 2949 omni

171 2984 467 3050 juventutis
490 2980 854 3032 instituendae
889 2980 1297 3048 educandaeque
1335 2998 1458 3032 cura
1495 2986 1551 3032 et
1588 2981 1758 3033 officio
1799 2999 1906 3033 esse
1946 2999 2091 3033 amo-

172 3063 451 3116 vendum.”

314 3149 388 3200 At
410 3166 529 3200 vero
554 3148 649 3199 alii
673 3149 1026 3199 instaurantes
1050 3165 1210 3216 prava
1234 3165 1295 3199 ac
1320 3149 1480 3199 toties
1500 3148 1751 3198 damnata
1776 3154 2085 3199 novatorum

172 3239 490 3297 commenta,
527 3234 728 3303 insigni
764 3233 1103 3301 impudentia
1140 3233 1339 3283 audent
1377 3232 1642 3283 Ecclesiae
1681 3238 1734 3283 et
1766 3233 1923 3300 hujus
1949 3234 2091 3300 Apo-

168 3321 388 3389 stolicae
439 3318 589 3370 Sedis
639 3335 939 3386 supremam
997 3319 1373 3369 auctoritatem
1422 3335 1454 3367 a
1505 3316 1710 3368 Christo
1760 3316 1988 3368 Domino
2037 3318 2086 3367 ei

171 3406 430 3457 tributam
456 3405 629 3455 civilis
654 3404 990 3455 auctoritatis
1015 3404 1233 3455 arbitrio
1259 3403 1532 3470 subjicere,
1560 3406 1616 3453 et
1645 3402 1824 3452 omnia
1852 3401 2086 3469 ejusdem

174 3491 436 3542 Ecclesiae
479 3495 535 3541 et
578 3490 729 3542 Sedis
766 3490 888 3558 jura
930 3490 1188 3558 denegare
1231 3489 1367 3538 circa
1410 3505 1471 3539 ea
1508 3505 1640 3554 quae
1676 3487 1743 3537 ad
1780 3487 2086 3537 exteriorem

173 3577 409 3628 ordinem
457 3576 745 3644 pertinent.
839 3575 1086 3642 Namque
1136 3576 1274 3641 ipsos
1323 3574 1546 3623 minime
1595 3572 1760 3639 pudet
1814 3571 2089 3633 affirmare,

173 3661 208 3687 ‘⁶
226 3657 489 3709 Ecclesiae
513 3658 656 3727 leges
681 3673 787 3708 non
813 3657 1043 3726 obligare
1076 3657 1136 3707 in
1173 3655 1512 3717 conscientia,
1550 3655 1653 3705 nisi
1693 3670 1816 3705 cum
1857 3652 2088 3719 promul-
