2534 4374
488 486 736 528 APPEND.
785 486 871 528 111.
959 486 1151 529 00Ns'r.
1183 487 1379 530 noem.
1426 488 1585 531 ccxc.
1632 489 1752 531 vxr.
1943 473 2074 532 285·

180 635 268 698 sit,
293 633 509 703 plenum
551 633 805 685 revelanti
848 634 956 686 Deo
1000 635 1303 686 intellectus
1349 642 1404 687 et
1444 636 1733 688 voluntatis
1766 639 2068 706 obsequium

180 718 282 770 fide
306 723 567 787 praestare
592 723 850 769 tenemur.
926 719 1079 771 Hanc
1118 737 1235 771 vero
1255 720 1432 783 fidem,
1457 738 1592 789 quae
1611 722 1871 774 humanae
1888 725 2070 776 salutis

180 804 395 855 initium
434 806 532 866 est,
558 803 794 854 Ecclesia
837 804 1095 855 catholica
1135 806 1427 873 profitetur,
1457 808 1708 858 virtutem
1747 824 1855 858 esse
1894 826 2070 876 supcr-

180 889 488 953 naturalem,
514 906 637 957 qua,
663 890 762 941 Dei
789 891 1054 958 aspirante
1079 896 1135 943 et
1159 892 1446 959 adjuvante
1464 894 1655 962 gratia,
1674 894 1742 944 ab
1759 911 1819 945 eo
1845 895 2069 946 revelata

180 991 296 1026 vera
335 991 441 1026 esse
480 975 758 1038 credimUS,
800 992 906 1027 non
946 981 1156 1045 propter
1198 978 1535 1030 intrinsecam
1579 996 1750 1030 rerum
1795 981 2068 1030 veritatem

178 1059 405 1111 naturali
446 1060 666 1112 rationis
705 1060 907 1112 lumine
949 1067 1295 1130 perspectam,
1319 1064 1409 1114 sed
1452 1067 1662 1131 propter
1700 1065 2067 1116 auctoritatem

178 1145 341 1213 ipsius
365 1143 466 1195 Dei
490 1144 786 1208 revelantiS,
812 1146 906 1213 qui
943 1163 1039 1197 nec
1076 1147 1191 1198 falli
1215 1164 1311 1198 nec
1337 1148 1513 1199 fallere
1539 1154 1729 1216 potest.
1807 1150 1902 1199 Est
1927 1152 2066 1200 emin

177 1228 321 1293 fides,
363 1233 594 1281 testante
636 1230 904 1298 Apost010,
931 1233 1302 1299 sperandarum
1348 1234 1643 1284 substantia
1683 1251 1874 1297 rerum,
1917 1251 2068 1303 argu·

177 1319 419 1368 mentum
443 1332 548 1366 non
572 1317 980 1383 apparentium.l

296 1402 375 1454 Ut
389 1402 736 1453 nihilominus
755 1402 881 1454 fidei
900 1408 1106 1455 nostrae
1125 1405 1433 1473 obsequium
1453 1408 1643 1458 rationi
1663 1411 2065 1457 consentaneum

179 1492 327 1553 esset,
350 1488 520 1540 voluit
545 1487 688 1539 Deus
713 1505 837 1538 cum
873 1489 1095 1541 internis
1133 1490 1363 1558 Spiritus
1402 1491 1584 1544 Sancti
1622 1493 1833 1543 auxiliis
1860 1499 2065 1542 externa

176 1574 330 1643 jungi
370 1573 703 1625 revelationis
744 1590 865 1625 suae
904 1582 1232 1644 argumenta,
1258 1577 1399 1627 facta
1439 1578 1641 1628 scilicet
1677 1578 1876 1639 divina,
1912 1588 2067 1643 atquc

177 1660 439 1728 imprimis
462 1659 716 1711 miracula
753 1664 808 1711 et
844 1660 1164 1728 prophetiaS,
1190 1678 1325 1728 quae
1350 1679 1472 1712 cum
1507 1662 1604 1713 Dei
1629 1663 2065 1729 omnipotentiam

177 1750 232 1796 et
254 1744 523 1796 infinitam
549 1746 825 1796 scientiam
863 1745 1158 1797 luculenter
1182 1753 1614 1810 commonstrent,
1639 1749 1849 1798 divinae
1875 1747 2067 1798 revela-

178 1833 337 1884 tionis
380 1833 529 1902 signa
568 1837 692 1883 sunt
735 1834 1024 1884 certissima
1066 1836 1123 1883 et
1161 1835 1399 1884 omniurn
1441 1834 1829 1903 intelligentiae
1867 1850 2067 1883 accom-

178 1919 405 1970 modata.
480 1917 647 1978 Quare
691 1922 809 1968 tum
851 1918 1060 1986 Moyses
1098 1922 1155 1969 et
1196 1918 1506 1986 Prophetae,
1532 1924 1650 1970 tum
1690 1920 1800 1986 ipse
1842 1920 2068 1968 maxime

178 2005 411 2058 Christus
435 2004 692 2056 Dominus
711 2004 882 2055 multa
902 2008 955 2055 et
976 2004 1406 2055 manifestissima
1430 2004 1683 2055 miracula
1699 2009 1755 2055 et
1773 2004 2069 2072 prophetias

175 2091 483 2150 ediderunt;
545 2094 601 2141 et
667 2090 733 2140 de
795 2088 1059 2157 Apostolis
1115 2089 1367 2158 legimus:
1432 2089 1568 2139 “Illi
1616 2094 1798 2140 autem
1848 2090 2066 2157 profecti

175 2177 606 2246 praedicaverunt
647 2176 861 2243 ubique,
894 2175 1122 2227 Domino
1165 2180 1490 2243 cooperante,
1525 2180 1580 2226 et
1623 2192 1910 2226 sermonem
1949 2191 2069 2225 con-

176 2264 435 2326 firmante,
498 2261 833 2330 sequentibus
895 2259 1137 2330 signis.”2
1253 2261 1328 2312 Et
1387 2278 1589 2312 rursum
1651 2262 1904 2327 scriptum
1964 2268 2066 2311 est:

176 2353 210 2402 ‘‚‘
220 2348 487 2399 Habemus
530 2346 813 2398 firmiorem
856 2346 1226 2414 propheticum
1266 2364 1571 2410 sermonem,
1596 2348 1682 2396 cui
1726 2346 1855 2397 benc
1894 2346 2069 2396 facitis

175 2415 508 2485 attendentes
532 2433 682 2501 quasi
706 2432 948 2483 lucernae
973 2432 1175 2483 lucenti
1200 2434 1257 2483 in
1284 2432 1569 2501 caliginoso
1593 2432 1782 2483 loco.’'3

317 2518 471 2569 Licet
519 2521 700 2569 autem
749 2517 875 2569 fidei
917 2535 1153 2570 assensus
1186 2535 1519 2586 nequaquam
1571 2517 1641 2568 sit
1691 2522 1866 2568 motus
1902 2518 2066 2568 animi

175 2587 379 2656 caecus:
417 2620 571 2654 nemo
595 2606 777 2654 tamen
801 2602 1135 2670 evangelicae
1158 2603 1537 2670 praedicationi
1563 2602 1851 2652 consentire
1875 2607 2069 2670 potest,

176 2692 314 2753 sicut
337 2693 542 2757 oportet·
567 2690 635 2740 ad
661 2688 889 2739 salutem
915 2688 1351 2756 consequendam,
1378 2688 1571 2755 absque
1598 2688 1989 2738 illuminatione
2013 2694 2067 2738 et

174 2775 517 2842 inspiratione
543 2773 772 2841 Spiritus
799 2772 1001 2837 Sancti,
1025 2774 1119 2840 qui
1145 2774 1240 2824 dat
1264 2773 1507 2824 omnibus
1534 2774 1852 2824 suavitatem
1871 2775 1928 2823 in
1947 2790 2069 2823 con—

176 2861 448 2912 sentiendo
470 2864 526 2910 et
551 2859 804 2910 credendo
837 2858 1093 2909 veritati:¹²
1174 2858 1343 2919 Quare
1379 2858 1507 2909 fides
1544 2860 1659 2926 ipsa
1682 2859 1738 2908 in
1764 2875 1834 2919 se,
1859 2859 2067 2908 etiamsi

174 2963 265 3014 per
300 2946 611 2996 charitatem
653 2960 760 2994 non
796 2948 1053 3011 operetur,
1079 2945 1279 2995 donum
1317 2943 1417 2994 Dei
1453 2950 1549 3006 est,
1575 2948 1631 2995 et
1666 2948 1815 2995 actus
1853 2944 1895 3011 ej
1904 2961 1964 2994 us
1988 2951 2067 2994 est

174 3049 303 3099 opus
327 3032 395 3082 ad
419 3030 644 3082 salutem
668 3029 953 3097 pertinens,
979 3046 1084 3097 quo
1120 3029 1278 3080 homo
1315 3029 1535 3080 liberam
1571 3032 1804 3096 praestat
1829 3028 1930 3095 ipsi
1957 3028 2067 3079 Deo

175 3116 544 3179 obedientiam,
586 3116 760 3183 gratia
803 3116 848 3184 ej
856 3133 933 3179 uS,
976 3117 1064 3166 cui
1107 3115 1344 3167 resistere
1383 3119 1574 3182 posset,
1617 3114 1989 3165 consentiendo
2012 3118 2068 3164 et

175 3202 509 3270 cooperando.

316 3286 473 3338 Porro
496 3286 602 3337 fide
626 3286 809 3338 divina
832 3290 888 3337 et
912 3285 1173 3337 catholica
1199 3303 1260 3337 ea
1285 3286 1463 3336 omnia
1489 3284 1742 3336 credenda
1768 3287 1908 3346 sunt,
1933 3301 2067 3351 quae

154 3373 232 3423 ⁴vin
254 3373 409 3423 verbo
434 3371 534 3422 Dei
560 3372 754 3439 scripto
797 3372 882 3422 vel
924 3372 1124 3423 tradito
1149 3371 1505 3431 continentur,
1530 3374 1585 3419 et
1608 3369 1676 3419 ab
1700 3369 1935 3419 Ecclesia
1960 3370 2068 3420 sive

175 3457 391 3508 solemni
408 3455 615 3524 judicio
641 3457 751 3507 sive
776 3457 1037 3507 ordinario
1062 3460 1117 3506 et
1140 3456 1424 3506 universali
1462 3454 1766 3523 magisterio
1791 3459 2066 3521 tamquam

175 3542 431 3593 divinitus
454 3542 684 3593 revelata
708 3543 965 3594 credenda
990 3548 1368 3611 proponuntur.

514 3651 532 3674 ²
547 3652 681 3693 Hebr.
702 3653 762 3693 xi.
787 3656 824 3693 1.
1311 3650 1329 3673 ²
1344 3651 1477 3691 Marc.
1500 3650 1587 3690 xvi.
1610 3652 1675 3690 20.

513 3718 532 3742 ⁸
549 3721 572 3759 2
592 3718 707 3760 Petr.
728 3719 758 3759 i.
785 3722 848 3760 19.
1312 3716 1332 3739 ⁶
1346 3716 1450 3769 Syn.
1473 3716 1624 3756 Araus.
1645 3715 1710 3756 11.
1732 3728 1822 3757 can.
1846 3718 1879 3759 7.
