2534 4374
461 460 587 523 402
1225 479 1469 523 Annrrm
1509 482 1589 524 vl.

454 646 604 680 cessu
635 632 756 680 acta
788 630 964 680 minus
987 632 1130 680 recte
1154 632 1210 680 et
1238 633 1363 697 apte
1388 630 1457 680 ad
1494 631 1774 684 veritatem
1799 633 2082 684 eruendam
2114 632 2360 686 conficie-

456 715 666 779 bantur,
692 714 746 766 S.
782 713 1130 783 Congregatio
1164 714 1372 782 saepius
1406 715 1780 768 instructiones
1809 716 1998 780 edidit,
2026 733 2088 767 ac
2120 733 2358 768 normam

455 804 764 872 praecripsit
789 820 949 871 quam
975 803 1228 870 Episcopi
1255 808 1612 870 sequerentur.

601 887 734 940 Cum
772 889 954 955 itaque
992 889 1050 938 in
1088 888 1395 956 hujusmodi
1434 889 1620 953 causiS,
1660 907 1768 941 non
1800 892 1865 942 de
1894 891 2015 959 jure
2053 892 2357 944 alterutrius

455 975 621 1042 partis
644 978 877 1036 tantum,
902 974 990 1025 sed
1014 974 1296 1042 praecipue
1313 975 1380 1025 de
1399 973 1781 1028 Sacramentali
1799 977 2013 1029 vinculo
2028 977 2358 1030 dissolvendo

453 1064 660 1127 agatur,
713 1059 975 1126 processus
1028 1063 1148 1110 acta
1206 1075 1314 1111 non
1374 1060 1443 1110 ad
1503 1061 1683 1112 instar.
1730 1062 1957 1114 aliorum
2009 1062 2357 1130 judiciorum,

453 1144 761 1213 praesertim
799 1144 1059 1208 civilium,
1098 1144 1189 1196 sed
1219 1144 1382 1212 juxta
1410 1144 1505 1197 SS.
1548 1145 1798 1212 Canones,
1832 1151 1889 1199 et
1921 1148 2156 1206 citatam>
2180 1147 2234 1201 S.
2273 1148 2354 1200 M.

454 1230 729 1281 Benedict.
779 1229 930 1280 XIV.
968 1228 1438 1293 Constitutionem,
1488 1235 1543 1281 et
1585 1236 1916 1299 praesentem
1952 1233 2358 1286 instructionem

452 1319 606 1367 erunt
629 1315 967 1366 efformanda.
1041 1314 1121 1364 Ea
1145 1314 1330 1383 itaque
1353 1332 1460 1367 non
1493 1316 1771 1368 vernaculo
1805 1319 1894 1369 sed
1925 1318 2096 1370 latino
2122 1335 2358 1371 sermone

452 1405 608 1453 erunt
665 1400 1052 1463 conscribenda,
1126 1401 1358 1468 exceptis
1430 1405 1611 1453 tamen
1682 1403 2029 1471 excipiendiS‚
2101 1404 2358 1456 nimirum

452 1487 706 1550 articuliS,
754 1485 1188 1555 interrogatoriiS,
1237 1488 1657 1554 responsionibus
1712 1489 1781 1539 ad
1829 1505 1908 1552 ea,
1956 1492 2013 1540 et
2066 1490 2356 1557 peritorum

448 1574 823 1633 relationibus3
866 1572 1172 1640 praesertim
1211 1589 1331 1623 vero
1373 1573 1598 1636 decreta,
1632 1578 1688 1624 et
1721 1575 2003 1638 sententia,
2031 1590 2168 1642 quae
2192 1575 2353 1642 juxta

453 1659 646 1727 priscos
705 1675 872 1708 mores
931 1657 1033 1708 erit
1098 1656 1437 1720 conficienda,
1505 1656 1675 1708 latina
1739 1658 1928 1728 lingua
1986 1660 2353 1713 exarabuntur.

452 1744 727 1795 Praeterea
762 1759 886 1793 cum
921 1760 954 1793 a
991 1742 1146 1794 Sacro
1184 1741 1340 1794 Cone.
1378 1742 1522 1793 Trid.
1561 1741 1706 1813 (sess.
1723 1745 1794 1794 24
1818 1761 1934 1812 cap.
1961 1747 2032 1797 20
2057 1745 2123 1795 de
2146 1745 2355 1809 reform,

454 1830 498 1898 ξ.
523 1829 591 1880 ad
629 1827 800 1897 haec),
833 1845 895 1878 ac
932 1828 1097 1878 etiam
1121 1845 1153 1878 a
1183 1826 1237 1878 S.
1263 1827 1340 1878 M.
1368 1827 1562 1878 Bened.
1588 1827 1738 1880 XIV.
1766 1827 1850 1897 (in
1874 1831 1967 1882 cit.
1995 1828 2221 1883 Constit.
2245 1830 2353 1884 Dei

453 1914 520 1966 M
517 1913 813 1967 iser-atione
839 1915 863 1981 ξ
897 1913 954 1983 4)
1001 1930 1273 1964 causarum
1301 1913 1778 1964 matrimonialium
1811 1916 2046 1984 cognitio
2080 1918 2354 1984 quibusvis

445 2001 724 2070 judicibus
760 2000 1112 2062 inferioribUS,
1148 2016 1255 2050 non
1291 1999 1536 2050 obstante
1576 2000 1760 2067 quovis
1801 2001 2080 2071 privilegio
2114 2020 2175 2053 ac
2207 2020 2355 2071 prae-

455 2086 754 2153 scriptione,
793 2084 954 2135 fuerit
990 2084 1215 2146 sublata,
1257 2101 1318 2133 ac
1358 2083 1738 2151 Episcoporum
1776 2089 1991 2137 tantum
2030 2090 2263 2140 examini
2299 2095 2356 2142 et

444 2170 808 2239 jurisdictioni
847 2173 1120 2232 reservata,
1161 2169 1326 2219 etiam
1350 2185 1471 2235 prae
1496 2168 1791 2220 Abbatibus
1828 2187 1944 2222 vere
1974 2172 2195 2237 nulliUS,
2225 2174 2355 2227 licet

454 2254 802 2308 Cardinalitia
861 2255 1128 2323 dignitate
1188 2252 1534 2322 fulgentibus,
1582 2253 1744 2321 juxta
1799 2253 1853 2307 S.
1918 2244 2353 2326 congregationis

451 2341 809 2403 resolutiones,
833 2340 958 2391 hinc
982 2340 1155 2390 tutius
1180 2339 1298 2402 erit,
1322 2342 1387 2390 ut
1418 2339 1616 2390 nedum
1642 2341 1906 2391 sententia
1929 2343 2237 2409 proferatur,
2260 2346 2352 2398 sed

453 2428 619 2479 etiam
665 2430 786 2476 acta
832 2425 1095 2493 processus
1142 2441 1234 2492 per
1282 2424 1624 2492 Episcopum,
1666 2424 1750 2476 vel
1791 2442 1884 2492 per
1926 2426 2352 2483 Ecclesiasticam

450 2529 726 2581 personam
750 2509 1047 2579 specialiter
1069 2510 1137 2560 ab
1160 2526 1222 2560 eo
1246 2509 1594 2576 delegandam
1619 2509 1979 2562 conficiantur.

597 2597 760 2647 Hisce
791 2594 1105 2662 praemissis,
1137 2594 1344 2660 quoties
1373 2593 1566 2661 aliquis
1595 2610 1660 2643 ex
1691 2594 2004 2662 conjugibus
2037 2597 2351 2652 instantiam

451 2684 512 2734 in
536 2681 745 2749 scriptis
770 2679 1001 2748 porriget
1032 2695 1186 2746 super
1215 2678 1469 2729 nullitate
1498 2678 1849 2743 Matrimonii,
1876 2676 2170 2749 Episcopus
2194 2683 2230 2735 J
2230 2685 2351 2737 udi-

448 2770 587 2829 'cem,
620 2766 665 2818 si
689 2764 839 2827 velit,
870 2763 1155 2832 delegabit,
1193 2763 1383 2813 deinde
1419 2763 1549 2830 ipse,
1584 2763 1667 2814 vel
1694 2763 1864 2831 judex
1889 2766 2164 2835 delegatus
2193 2770 2347 2822 citari

452 2851 729 2904 mandabit
750 2850 1086 2900 Defensorem
1111 2849 1462 2911 Matrimonii,
1487 2854 1748 2916 quatenus
1773 2851 1832 2901 in
1858 2849 2017 2903 Curia
2042 2853 2345 2923 Episcopali

447 2938 562 3006 jam
586 2937 872 3003 deputatus
901 2933 1113 2996 existat,
1147 2935 1228 2983 sin
1261 2935 1456 2996 minUS,
1482 2934 1733 2985 idoneum
1765 2936 1940 2986 virum
1965 2937 2254 3004 deputabit
2279 2941 2348 2994 iis

448 3021 800 3093 qualitatibus
823 3022 1196 3087 praestantem,
1230 3035 1359 3085 quas
1393 3020 1629 3087 superius
1661 3025 1952 3072 memorata
1978 3019 2266 3077 Constitut.
2291 3025 2347 3078 S.

451 3110 530 3160 M.
564 3106 842 3158 Benedicti
878 3103 1026 3154 XIV.
1060 3104 1298 3170 requirit,
1328 3120 1554 3171 eumque
1591 3105 1745 3155 citari
1782 3106 2074 3159 mandabit.
2149 3108 2344 3162 Defen-

453 3196 579 3247 soris
602 3191 936 3243 Matrimonii
958 3190 1077 3251 erit,
1101 3187 1330 3255 praefixa
1353 3189 1441 3239 die
1456 3190 1699 3240 accedere
1723 3191 1790 3241 ad
1809 3193 2183 3258 praestandum
2199 3195 2348 3262 jura-

446 3283 710 3341 mentum,
733 3294 788 3328 se
811 3292 1003 3327 munus
1027 3292 1182 3325 suum
1206 3273 1490 3343 diligenter
1511 3278 1567 3324 et
1590 3277 1890 3343 incorrupte
1914 3278 2265 3344 expleturum,
2290 3285 2347 3332 et

451 3365 630 3417 omnia
653 3379 779 3414 voce
803 3379 863 3412 ac
889 3361 1096 3427 scriptis
1132 3360 1501 3422 deducturum,
1536 3376 1670 3427 quae
1695 3361 1764 3410 ad
1788 3361 2126 3413 validitatem
2153 3363 2343 3417 Matri-

451 3450 618 3502 monii
653 3445 1015 3498 sustinendam
1048 3444 1279 3494 conferre
1310 3447 1576 3510 poterunt.
1662 3443 1936 3495 Praeterea
1969 3445 2056 3496 hic
2092 3447 2344 3503 Defensor

449 3532 784 3585 Matrimonii
821 3529 1064 3580 citandus
1096 3529 1197 3578 erit
1227 3527 1295 3577 ad
1332 3527 1602 3594 quaelibet
1634 3530 1786 3592 acta,
1805 3546 1872 3580 ne
1905 3531 2039 3580 vitio
2074 3532 2343 3588 nullitatis

451 3620 567 3686 ipsa
589 3618 875 3667 tabescent.
949 3614 1078 3681 Ipsi,
1103 3614 1196 3680 qui
1220 3630 1313 3680 pro
1339 3612 1665 3663 Sacramenti
1690 3614 1967 3664 validitate
1992 3619 2116 3678 stat,
2142 3634 2344 3687 semper

447 3707 507 3753 et
542 3701 978 3768 quandocumque
1010 3703 1130 3748 acta
1158 3699 1437 3765 processs1S,
1476 3699 1576 3747 etsi
1611 3699 1847 3765 nondum
1877 3700 2155 3766 publicati,
2189 3711 2343 3758 erunt
