2534 4374
370 398 507 458 420
1150 418 1391 462 Anmtmo
1435 419 1513 461 1x.

522 564 571 615 6.
632 561 834 615 Variae
876 560 1348 624 circumstantiae,
1393 563 1597 614 scilicet
1646 581 1716 616 an
1764 566 2167 618 matrimonium
2216 568 2292 619 sit

364 649 808 711 contrahendum,
827 647 910 699 vel
934 651 1291 708 contractum3
1326 648 1370 697 si
1385 647 1504 714 jam
1528 654 1878 715 contractum,
1897 653 2087 720 aperiri
2112 652 2288 717 debet,

366 750 445 784 >an
485 734 620 784 bona
659 733 782 796 fide,
817 733 1006 783 saltem
1043 748 1108 783 ex
1141 737 1292 799 parte
1323 733 1500 795 unius,
1533 733 1618 784 vel
1651 752 1774 785 cum
1807 737 2030 787 scientia
2060 737 2288 805 impedi-

376 821 578 880 menti;
615 819 758 868 idem
788 835 857 867 an
889 817 1187 884 praemissis
1227 817 1739 883 denuntiationibus,
1777 825 1834 872 et
1862 821 2024 889 juxta
2063 822 2289 873 formam

377 903 709 963 Tridentini3
771 902 855 953 vel
917 918 987 953 an
1050 919 1142 970 spe
1205 903 1417 954 facilius
1480 903 1928 971 dispensationem
1977 906 2287 968 obtinendi;

376 990 591 1039 demum
616 1006 685 1039 an
710 989 781 1039 sit
813 994 1256 1052 consummatum,
1284 991 1330 1040 si
1361 989 1504 1041 mala
1535 990 1659 1054 fide,
1692 992 1882 1044 saltem
1913 995 2073 1045 unius
2103 993 2290 1062 partiS,

369 1092 470 1126 seu
494 1092 618 1125 cum
645 1075 868 1126 scientia
892 1076 1286 1142 impedimenti.
2297 1088 2299 1091 ·

524 1161 573 1212 7.
627 1158 844 1230 Copula
875 1158 1191 1212 incestuosa
1222 1161 1408 1212 habita
1440 1161 1592 1213 interv
1614 1179 1827 1230 sponsos
1862 1168 1986 1216 ante
2023 1164 2291 1232 dispensa-

378 1246 541 1296 tionis
567 1246 949 1309 executionem,
975 1246 1085 1296 sive
1109 1251 1251 1308 ante,
1277 1247 1387 1298 sive
1415 1251 1538 1314 post
1562 1247 1676 1315 ejus
1702 1248 2154 1316 impetrationem,
2179 1250 2290 1300 sive

379 1333 676 1382 intentione
708 1331 918 1382 facilius
952 1331 1399 1398 dispensationem
1431 1333 1727 1397 obtinendi,
1754 1335 1864 1385 sive
1898 1335 2066 1386 etiam
2090 1334 2291 1386 seclusa

378 1419 477 1468 tali
494 1420 812 1479 intentione,
831 1421 886 1468 et
905 1417 1016 1467 sive
1035 1416 1224 1484 copula
1241 1417 1456 1484 publice
1480 1423 1607 1469 nota
1632 1421 1722 1482 sit,
1742 1420 1850 1470 sive
1875 1421 2040 1471 etiam
2066 1419 2288 1470 occulta.

378 1504 437 1553 Si
470 1504 599 1554 haec
637 1504 974 1565 reticeantur,
1015 1503 1356 1570 subreptitias
1394 1521 1501 1555 esse
1534 1510 1591 1556 et
1623 1505 1820 1556 nullibi
1854 1523 1916 1556 ac
1955 1505 2103 1556 nullo
2129 1506 2286 1556 modo

380 1590 549 1639 valere
597 1589 1013 1655 dispensationes
1057 1605 1212 1656 super
1253 1589 1675 1658 quibuscumque
1715 1591 1966 1659 gradibus
2009 1590 2291 1658 prohibitis

377 1673 878 1743 consanguinitatis,
897 1672 1193 1736 affinitatis,
1213 1674 1545 1743 cognationis
1571 1676 1878 1743 spiritualis,
1893 1679 1950 1726 et
1972 1674 2175 1744 legaliS,
2194 1691 2293 1725 nec

377 1777 486 1811 non
525 1764 582 1810 et
617 1758 861 1826 publicae
896 1756 1187 1809 honestatis
1223 1759 1510 1810 declaravit
1548 1760 1602 1812 S.
1646 1760 1996 1830 congregatio
2035 1759 2090 1811 S.
2117 1758 2291 1811 Officii

380 1849 473 1897 fer.
502 1845 598 1895 IV.
629 1847 655 1894 1
685 1844 917 1913 Augusti
955 1845 1108 1896 1866.
1186 1844 1252 1894 In
1288 1846 1517 1913 petenda
1554 1862 1673 1897 vero
1713 1846 2102 1913 dispensatione
2139 1862 2293 1911 super

380 1932 766 2000 impedimento
805 1930 1082 1980 affinitatis
1120 1931 1280 1997 primi
1319 1931 1403 1981 vel
1443 1932 1659 1982 secundi
1697 1932 1888 2002 gradus
1927 1931 2097 1981 lineae
2133 1930 2292 1980 colla-

379 2018 578 2080 teraliS,
618 2017 663 2066 si
704 2015 1155 2083 impedimentum
1197 2015 1395 2066 nedum
1436 2033 1500 2066 ex
1543 2017 1885 2067 matrimonio
1928 2021 2291 2067 consummato

371 2121 505 2155 cum
529 2101 780 2152 defuncto
805 2100 1029 2168 conjuge
1055 2098 1288 2150 Oratoris
1312 2099 1398 2151 vel
1423 2098 1690 2163 OratriciS,
1710 2097 1801 2151 se'd
1824 2101 1990 2151 etiam
2013 2118 2078 2151 ex
2102 2101 2292 2168 copula

380 2187 888 2240 antematrimoniali
915 2204 1005 2237 seu
1030 2186 1307 2236 fornicaria
1332 2202 1455 2236 cum
1480 2185 1664 2236 eodem
1683 2185 1932 2236 defuncto
1950 2192 2075 2237 ant-e
2092 2186 2292 2237 initum

375 2293 504 2327 cum
545 2274 662 2342 ipso
704 2273 1110 2323 matrimonium
1158 2275 1370 2338 pat-rata
1417 2271 1635 2334 oriatur,
1676 2287 1884 2322 necesse
1932 2287 2039 2322 non
2087 2275 2186 2334 est,
2226 2275 2292 2321 ut

382 2360 586 2412 mentio
614 2358 711 2409 fiat
741 2357 1046 2427 hujusmodi
1070 2355 1296 2406 illicitae
1320 2353 1554 2423 copulae,
1578 2356 2026 2424 quemadmodum
2049 2359 2203 2423 patet
2228 2373 2291 2407 ex

381 2463 623 2514 responso
650 2444 705 2495 S.
732 2443 1181 2494 Poenitentiariae
1206 2441 1314 2491 diei
1341 2443 1411 2490 20
1444 2440 1630 2490 Martii
1668 2443 1824 2503 1842,
1858 2441 2111 2508 probante
2143 2459 2182 2492 s.
2217 2459 2289 2492 m.

384 2533 543 2600 Greg.
584 2529 736 2580 XVI.
777 2529 845 2579 ad
888 2528 1213 2595 Episcopum
1251 2526 1679 2588 Namurcensem,
1715 2527 1856 2593 quod
1893 2526 2130 2594 generale
2167 2543 2290 2589 esse,

382 2619 527 2668 idem
551 2614 806 2665 Tribunal
830 2614 1000 2664 literis
1025 2613 1134 2663 diei
1164 2614 1230 2661 10
1254 2611 1556 2662 Decembris
1586 2610 1725 2662 1874
1750 2611 1935 2662 edixit.

529 2700 677 2750 Haec
709 2716 834 2767 prae
868 2697 1034 2749 oculis
1065 2696 1254 2747 habere
1278 2695 1473 2746 debent
1497 2711 1603 2746 non
1627 2696 1783 2746 modo
1807 2697 1902 2762 qui
1927 2696 1995 2746 ad
2019 2694 2074 2747 S.
2101 2696 2290 2747 Sedem

383 2805 477 2856 pro
502 2784 790 2837 obtinenda
823 2782 1001 2849 aliqua
1034 2780 1415 2831 matrimoniali
1447 2780 1836 2848 dispensatione
1874 2786 2162 2843 recurrunt,
2201 2782 2291 2832 sed

374 2873 550 2924 etiam
574 2870 670 2937 qui
695 2885 758 2919 ex
782 2867 1059 2936 pontificia
1084 2865 1415 2934 delegatione
1439 2865 1735 2932 dispensare
1758 2881 1849 2931 per
1873 2882 1927 2915 se
1955 2865 2060 2933 ipsi
2093 2866 2290 2930 valent,

379 2962 448 3010 ‘ut
473 2955 837 3016 facultatibus,
862 2953 1053 3020 quibus
1077 2951 1299 3020 pollent,
1322 2950 1442 3012 rite,
1466 2954 1531 2999 ut
1554 2966 1648 3016 par
1672 2953 1769 3011 est,
1795 2953 2031 3000 utantur.
2191 2978 2198 2985 -

529 3041 732 3092 Datum
758 3056 822 3090 ex
846 3038 1079 3089 Aedibus
1106 3036 1158 3087 S.
1186 3035 1243 3088 C.
1270 3036 1336 3086 de
1361 3035 1515 3102 Prop.
1544 3034 1679 3085 Fide
1703 3035 1789 3085 die
1816 3037 1846 3086 9
1873 3035 2009 3086 Maii
2038 3035 2192 3088 1877.
