2534 4374
1078 468 1352 512 DECRETA.
2080 458 2153 516 11

270 614 503 666 locorum
544 612 638 665 ubi
680 615 917 666 existunt
956 614 1203 667 ecclesiae
1246 616 1384 667 inter
1421 634 1474 668 se
1512 618 1842 682 distantiam,
1879 626 1995 671 tum
2023 622 2163 689 quod

273 698 460 750 multis
507 698 565 749 in
614 699 834 763 casibus,
896 700 1231 751 ecclesiarum
1292 700 1424 764 1000,
1485 695 1818 754 missionibus
1879 706 2166 756 inserviant

271 783 497 836 oratoria
545 783 775 835 virorum
823 785 1075 836 laicorum
1125 786 1341 838 aedibus
1383 803 1600 850 annexa,
1649 806 1744 839 nec
1787 806 1891 839 non
1934 790 2061 841 alias
2098 791 2165 841 ob

273 885 452 920 causas
476 886 605 936 quas
630 869 716 920 hic
743 887 1041 921 enumerare
1068 887 1509 938 supervacaneum
1535 873 1759 924 videtur.
1842 874 2165 942 Quapropter

272 954 664 1022 Archiepiscopi
687 959 743 1006 et
763 955 1013 1023 Episcopi
1042 955 1447 1023 supplicandum
1472 965 1784 1010 censuerunt
1822 959 2165 1012 Sanctissimo

272 1038 501 1091 Domino
550 1039 758 1104 NostrO,
806 1044 871 1091 ut
918 1040 1223 1109 dignaretur
1264 1043 1561 1106 concedere,
1605 1061 1666 1095 ac
1710 1046 1905 1095 sancire
1944 1046 2163 1096 formam

272 1125 546 1195 regiminis
571 1125 639 1176 ab
657 1125 785 1193 ipsis
809 1126 1150 1192 propositam,
1175 1143 1266 1193 per
1289 1143 1451 1194 quam
1475 1133 1531 1178 et
1555 1130 1885 1180 incommoda
1910 1131 2165 1181 recensita

270 1210 613 1274 evitarentur,
637 1214 693 1261 et
716 1209 1027 1277 parochialis
1064 1211 1336 1279 regiminis
1376 1212 1653 1264 methodus
1696 1214 1957 1281 paulatim
2001 1216 2166 1266 intro-

271 1294 564 1347 duceretur.
656 1292 856 1355 Quibus
892 1295 1082 1346 nostris
1130 1296 1368 1363 precibus
1421 1296 1791 1349 Sanctissimus
1838 1300 2052 1360 annuit;
2102 1304 2166 1350 ut

271 1384 460 1450 patent
483 1397 547 1432 ex
572 1381 778 1432 decreto
810 1396 843 1430 a
880 1378 933 1431 S.
972 1378 1029 1431 O.
1073 1380 1139 1431 de
1176 1380 1237 1431 P.
1283 1381 1345 1432 F.
1391 1382 1478 1432 die
1521 1384 1584 1432 21
1632 1382 1827 1450 Aprilis
1866 1384 1991 1434 anni
2033 1400 2163 1435 eurr.

272 1466 495 1518 emisso:
533 1465 682 1534 cujus
720 1469 870 1516 tenor
911 1465 1045 1516 actis
1083 1465 1240 1533 hujus
1280 1465 1478 1534 Synodi
1502 1466 1779 1533 adjicietur
1803 1462 1890 1536 (¹).

407 1553 465 1605 ⁷1.
516 1550 695 1619 Hujus
718 1550 888 1620 igitur
922 1551 1117 1620 vigore,
1143 1551 1306 1602 donec
1331 1567 1363 1601 a
1389 1551 1442 1603 S.
1470 1550 1604 1603 Sede
1628 1552 1781 1603 aliter
1813 1553 2164 1620 provideatur,

271 1636 331 1687 in
364 1636 586 1704 singulis
622 1636 963 1699 dioecesibuS,
990 1637 1307 1687 auctoritate
1345 1637 1612 1705 Episcopi,
1637 1638 1703 1688 de
1740 1638 1958 1689 consilio
1983 1644 2163 1689 tamen

271 1720 528 1789 Capituli,
576 1720 825 1773 ecclesiae
883 1720 1168 1772 nonnullae
1230 1721 1533 1789 seligantur,
1594 1738 1727 1789 quae
1786 1723 1956 1790 magis
2001 1726 2165 1791 aptae

270 1806 536 1869 videntur,
559 1809 624 1856 ut
647 1806 716 1857 ad
739 1806 906 1856 instar
930 1806 1287 1873 paroeciarum
1312 1805 1490 1856 haberi
1514 1805 1734 1873 possint.

413 1893 464 1943 2.
515 1891 591 1942 Iis
626 1892 885 1942 ordinario
926 1890 1260 1959 praeficiatur
1304 1890 1537 1941 sacerdos
1574 1891 1669 1958 qui
1713 1891 1937 1943 titulum
1974 1892 2165 1943 habeat

268 1974 515 2028 Reotoris
554 1974 927 2040 missione-wli,
952 1976 1047 2043 qui
1084 1974 1350 2025 Ecclesiae
1375 1979 1431 2025 et
1454 1976 1749 2026 animarum
1786 1993 1963 2027 curam
1999 1981 2164 2046 gerat,

269 2061 717 2129 quemadmodum
753 2060 944 2112 caeteri
981 2059 1213 2111 ecclesiis
1248 2061 1308 2110 in
1332 2059 1527 2127 Anglia
1563 2061 1884 2128 praepositi3
1922 2062 2011 2113 sed
2047 2079 2163 2130 per-

267 2150 541 2198 manenter
566 2147 847 2197 institutus
872 2145 1144 2197 habeatur.

413 2234 462 2284 3.
513 2232 822 2300 Episcopus,
858 2232 917 2282 in
953 2232 1258 2283 dioecesana
1295 2231 1521 2300 SynodO,
1549 2230 1743 2300 seligat
1780 2232 2016 2300 quinque
2040 2249 2157 2300 pro-

267 2317 566 2369 batissimos
636 2317 975 2386 presbyteros,
1046 2317 1141 2384 qui
1201 2314 1645 2368 commissionem
1715 2316 2161 2383 investiyationis

268 2403 615 2466 constituant,
639 2407 800 2471 atque
832 2419 968 2454 unus
992 2419 1057 2454 ex
1093 2402 1176 2453 his
1212 2401 1569 2452 commissioni
1594 2402 1698 2469 ipsi
1723 2419 1815 2470 per
1840 2403 2159 2471 Episcopum

266 2488 617 2557 praeficiatur.

411 2577 462 2626 4.
511 2573 705 2627 Recto‘r
727 2572 1130 2627 missionarius
1165 2576 1532 2642 permanenter
1567 2572 1850 2623 institutus
1886 2573 2161 2625 definitive

268 2660 429 2729 dejici
451 2677 558 2712 non
581 2661 797 2729 poterit,
820 2660 924 2711 nisi
949 2660 1120 2711 tribus
1158 2649 1345 2710 saltem
1370 2676 1434 2709 ex
1470 2661 1760 2709 memorata
1796 2659 2159 2711 commissione

266 2745 338 2798 ad
361 2762 547 2797 causae
570 2763 788 2798 examen
812 2745 1083 2807 adhibitis,
1107 2748 1270 2811 atque
1294 2760 1474 2794 eorum
1499 2742 1716 2793 consilio
1741 2747 1970 2810 accept0.

411 2831 490 2883 De
511 2832 670 2883 modo
704 2831 1017 2899 procedendi
1052 2831 1110 2880 in
1147 2828 1453 2897 hujusmodi
1490 2828 1896 2897 investigatione
1920 2829 2159 2895 provide-

268 2916 415 2968 bitur
459 2933 554 2985 per
599 2916 815 2984 aliquod
862 2920 1144 2977 statutum,
1192 2914 1334 2982 quod
1382 2914 1449 2964 ab
1489 2913 1763 2980 Episcopis
1810 2913 2078 2964 nonnullis
2101 2914 2157 2964 in

270 3000 480 3070 Synodo
503 3001 821 3069 deputandis
844 3001 1252 3069 praeparabitur,
1267 3017 1328 3051 ac
1354 2999 1408 3052 S.
1435 2998 1838 3069 congregationi
1863 3015 1956 3066 pro
1973 3015 2159 3066 appro-

269 3086 484 3139 batione
508 3087 852 3138 submittetur
876 3085 964 3156 (²).

413 3172 462 3224 5.
512 3171 596 3222 Ad
642 3172 1019 3239 praecavendas
1059 3170 1391 3238 quaestiones
1439 3186 1572 3237 quae
1614 3170 1879 3237 insurgere
1927 3172 2154 3235 possent,

267 3256 593 3308 declaramus
616 3257 774 3325 quod,
797 3273 903 3308 non
926 3256 1170 3307 obstante
1205 3255 1417 3306 rectoris
1454 3253 1768 3304 missionarii
1794 3253 2156 3319 deputatione,

268 3340 454 3392 licebit
476 3341 754 3409 Episcopo,
778 3341 844 3392 de
867 3340 1084 3392 consilio
1110 3338 1364 3406 Capituli,
1388 3339 1529 3388 intra
1552 3337 1751 3387 limites
1787 3337 2049 3387 missionis
2067 3340 2153 3388 cui

265 3428 624 3494 praeponitur,
658 3441 818 3477 novas
843 3425 1083 3476 ecclesias
1113 3424 1344 3485 condere,
1370 3438 1430 3472 ac
1455 3421 1748 3489 portionem
1773 3421 2041 3471 districtus
2065 3423 2155 3472 iis-

266 3511 390 3562 dem
407 3511 710 3574 attribuere,
730 3511 774 3561 si
788 3512 1066 3561 necessitas
1084 3514 1180 3560 aut
1203 3509 1412 3559 utilitas
1430 3506 1613 3575 populi
1640 3506 1809 3556 fidelis
1828 3506 1883 3555 id
1908 3507 2151 3573 requirat.

267 3595 590 3664 Hujusmodi
614 3599 796 3646 autem
820 3595 1020 3646 limites
1045 3595 1359 3662 quantocius
1384 3592 1634 3661 Episcopi
1659 3590 1867 3642 definiri
1892 3594 2092 3642 curent.

411 3747 467 3801 (1)
516 3749 614 3790 Vide
638 3747 846 3800 Append.,
869 3748 918 3786 n⁶
936 3747 1079 3795 VIII„
1098 3760 1140 3799 p.
1161 3747 1225 3786 59.

406 3814 467 3868 (2)
515 3816 612 3856 Viae
628 3814 820 3867 Append.
842 3815 890 3854 11⁰
908 3814 1002 3864 IX„
1025 3814 1098 3865 X„
1129 3827 1169 3866 p.
1191 3815 1255 3854 60.
1280 3815 1321 3853 et
1341 3825 1425 3865 seq.
