2534 4374
415 448 496 508 82
992 465 1155 508 0οΝ0.
1199 464 1365 507 PROV.
1408 462 1630 506 wner.
1679 462 1716 503 1.

407 615 551 683 apud
583 616 723 684 ipsos
746 616 821 667 rei
854 615 1062 667 decreta
1099 617 1240 666 sunt.
1313 611 1481 664 Juxta
1516 610 1646 662 haec
1680 610 1982 662 firmissima
2011 610 2177 662 immo
2209 625 2301 678 spe

406 701 632 751 nitimur
657 702 762 752 fore
786 705 849 751 ut
873 701 1038 751 iidem
1063 699 1248 750 dilecti
1272 698 1439 748 nostri
1458 697 1516 747 in
1542 695 1750 748 Christo
1782 695 1884 745 filii
1915 697 2009 764 qni
2047 697 2106 746 in
2140 711 2303 764 regno

407 786 632 855 Angliae
681 786 997 836 catholicam
1033 802 1162 847 rem,
1196 787 1252 834 et
1287 782 1573 832 Antistites
1609 781 1805 832 vicaria
1827 781 1978 831 illam
2014 783 2303 833 autoritate

405 871 734 921 moderantes
764 871 822 920 in
858 873 1012 920 tanta
1044 869 1301 920 varietate
1337 871 1638 934 temporum
1669 867 2008 934 eleemosynis
2043 884 2105 918 ac
2140 867 2303 935 largi-

407 955 642 1006 tionibus
667 955 774 1006 suis
790 954 978 1022 juvare
1001 969 1296 1020 numquam
1321 952 1652 1016 destiterant,
1676 952 1864 1020 majori
1899 969 2049 1020 porro
2071 951 2305 1002 liberali-

406 1044 521 1091 tate
538 1041 684 1090 usuri
701 1040 809 1090 sint
829 1055 952 1106 erga
970 1038 1258 1106 Episcopos
1281 1039 1422 1105 ipsos
1446 1037 1752 1106 Anglicanis
1777 1037 2025 1088 Ecclesiis
2044 1037 2301 1088 stabiliori

406 1141 547 1175 nunc
571 1124 783 1175 vinculo
808 1124 1071 1192 alligatos,
1095 1140 1200 1191 quo
1237 1123 1438 1174 scilicet
1473 1123 1663 1173 iisdem
1695 1123 1919 1173 minime
1955 1123 2129 1173 desint
2164 1126 2306 1172 tem-

407 1209 606 1277 poralia
639 1209 872 1259 subsidia
907 1209 966 1259 in
998 1208 1319 1275 templorum
1351 1212 1408 1259 et
1440 1207 1624 1258 Divini
1649 1208 1824 1259 cultus
1864 1207 2207 1275 splendorem,
2241 1207 2301 1257 in

409 1293 544 1345 Cleri
568 1310 963 1361 pauperumque
996 1293 1454 1357 sustentationem,
1488 1296 1651 1360 atque
1681 1293 1740 1343 in
1771 1293 1901 1343 alios
1935 1309 2061 1343 usus
2093 1291 2305 1342 ecclesi-

407 1380 596 1430 asticos
646 1379 922 1448 eroganda.
1010 1378 1095 1429 Ad
1138 1382 1453 1441 extremum,
1492 1377 1725 1429 levantes
1773 1377 1949 1428 oculos
1995 1382 2196 1428 nostros
2243 1377 2301 1427 in

408 1468 631 1527 monteS,
673 1464 813 1515 unde
856 1464 1038 1515 veniet
1075 1464 1336 1515 auxilium
1360 1463 1527 1514 Nobis
1551 1480 1583 1513 a
1607 1463 1718 1514 Deo
1743 1461 1961 1531 Optimo
1984 1462 2220 1513 Maximo
2243 1463 2302 1513 in

408 1551 553 1600 omni
578 1551 827 1613 oratione,
852 1553 909 1600 et
932 1548 1301 1612 obsecratione,
1326 1565 1449 1600 cum
1473 1549 1765 1616 gratiarum
1790 1549 2014 1610 actione,
2039 1547 2304 1616 supplices

407 1635 688 1702 poscimuS,
729 1638 794 1685 ut
834 1650 970 1701 quae
1011 1649 1043 1683 a
1085 1632 1252 1684 Nobis
1289 1650 1383 1701 pro
1427 1632 1691 1684 Ecclesiae
1729 1633 1865 1685 bono
1903 1633 2112 1684 decreta
2160 1637 2303 1697 sunt,

409 1719 594 1770 Divini
636 1719 822 1770 auxilii
865 1719 948 1770 sui
989 1720 1190 1770 virtute
1231 1718 1521 1781 confirmet,
1556 1718 1743 1786 iisque,
1785 1719 1853 1770 ad
1891 1736 2021 1787 quos
2061 1736 2234 1770 rerum
2270 1735 2303 1770 a

408 1804 573 1856 Nobis
615 1806 938 1856 decretarum
987 1805 1270 1872 exequutio
1316 1804 1606 1872 plurimum
1646 1805 1892 1872 pertinet,
1930 1806 2132 1873 gratiae
2179 1821 2306 1857 suae

408 1890 563 1941 robur
584 1891 820 1957 adjiciat,
844 1893 909 1940 ut
932 1893 1168 1957 pascant,
1192 1890 1287 1957 qui
1310 1890 1369 1940 in
1392 1889 1461 1940 iis
1483 1894 1564 1940 est
1588 1907 1799 1959 gregem
1822 1889 1939 1953 Dei,
1963 1894 2124 1958 atque
2148 1896 2211 1942 ut
2233 1892 2302 1942 ad

409 1975 511 2043 maj
519 1992 658 2026 orem
697 1975 809 2043 ejus
850 1975 1080 2026 nominis
1116 1974 1339 2043 gloriam
1363 1975 1754 2043 propagandam
1779 1991 1978 2042 semper
2011 1976 2306 2044 impensius

409 2061 736 2112 incumbant.
817 2060 993 2128 Atque
1034 2061 1102 2111 ad
1148 2060 1387 2111 uberiora
1433 2061 1493 2111 in
1539 2060 1775 2128 idipsum
1823 2060 2061 2111 coelestis
2102 2064 2303 2131 gratiae

407 2147 668 2214 praesidia
690 2145 1040 2212 impetranda,
1065 2145 1420 2212 deprecatores
1444 2145 1586 2212 apud
1610 2144 1784 2195 Deum
1808 2145 1979 2196 denuo
2002 2146 2307 2199 invocamus

411 2233 807 2285 Sanctissimam
831 2231 931 2282 Dei
954 2231 1204 2294 Matrem,
1229 2231 1420 2282 Beatos
1444 2231 1720 2299 Apostolos
1745 2232 1964 2283 Petrum
1982 2237 2038 2283 et
2056 2233 2303 2297 Paulum,

409 2335 533 2369 cum
575 2318 790 2368 caeteris
815 2316 1096 2368 coelitibus
1128 2317 1353 2386 Angliae
1378 2316 1638 2380 PatroniS,
1663 2334 1723 2367 ac
1746 2318 2067 2369 nominatim
2093 2318 2147 2370 S.
2173 2319 2304 2371 Gre-

408 2404 618 2471 gorium
642 2402 922 2470 Magnum,
946 2406 1028 2465 ut,
1052 2403 1303 2470 quoniam
1326 2401 1492 2452 Nobis
1517 2402 1681 2452 etiam
1705 2403 1908 2453 meritis
1931 2404 2060 2454 adeo
2089 2404 2309 2472 impari-

409 2489 507 2538 bus
538 2489 726 2538 datum
750 2504 892 2538 nunc
918 2491 998 2538 est
1021 2487 1341 2554 episcopales
1366 2485 1526 2537 Sedes
1557 2488 1617 2537 in
1639 2487 1835 2556 Anglia
1866 2505 2123 2552 renovare,
2147 2493 2304 2557 prout

408 2572 499 2622 ille
541 2589 663 2622 cum
706 2588 912 2622 summa
955 2571 1219 2622 Ecclesiae
1261 2571 1504 2623 utilitate
1542 2577 1718 2624 aetate
1761 2590 1854 2624 sua
1891 2574 2127 2640 perfecit,
2175 2573 2306 2626 haec

409 2674 614 2724 quoque
663 2657 804 2707 facta
851 2673 884 2706 a
931 2655 1098 2707 Nobis
1145 2657 1203 2707 in
1251 2674 1313 2708 eo
1354 2674 1514 2726 regno
1557 2657 1934 2725 episcopalium
1975 2659 2303 2710 Dioecesium

407 2743 677 2793 restitutio
737 2741 981 2810 religioni
1042 2740 1332 2793 catholicae
1390 2743 1713 2795 benevertat.
1810 2742 2155 2795 Decernentes
2210 2745 2306 2796 has

409 2826 625 2878 Nostras
668 2827 995 2894 Apostolicas
1031 2827 1237 2878 litteras
1279 2828 1426 2879 nullo
1460 2845 1698 2896 unquam
1730 2832 1964 2896 ‘tempore
2005 2829 2070 2880 de
2094 2830 2308 2898 subrep-

409 2913 589 2975 tionis,
638 2916 695 2962 et
742 2913 1064 2979 obreptionis
1118 2913 1271 2977 vitio,
1296 2914 1381 2964 vel
1440 2915 1752 2965 intentionis
1805 2918 2009 2965 nostrae
2056 2919 2153 2966 aut
2198 2914 2303 2966 alio

410 3015 740 3064 quocumque
781 2997 992 3047 defectu
1036 2998 1226 3061 notan‘,
1274 2998 1359 3050 vel
1405 2999 1709 3068 impugnari
1755 3015 1920 3066 posse,
1967 2998 2059 3051 sed
2105 3017 2310 3068 semper

409 3082 625 3145 validaS,
665 3086 720 3132 et
757 3081 932 3132 firmas
975 3082 1099 3145 fore,
1142 3099 1360 3150 suosque
1398 3083 1616 3134 effectus
1658 3084 1717 3133 in
1758 3084 2002 3135 omnibus
2050 3085 2307 3149 obtinere,

410 3173 568 3235 atque
610 3167 989 3218 inviolabiliter
1027 3168 1284 3219 observari
1322 3169 1522 3220 debere.
1610 3168 1732 3219 Non
1769 3169 2098 3220 obstantibus
2138 3170 2308 3238 Apos-

410 3252 602 3314 toliciS,
644 3256 804 3318 atque
852 3253 910 3302 in
959 3253 1312 3320 synodalibus,
1359 3253 1783 3321 provincialibus,
1829 3257 1886 3303 et
1926 3254 2305 3307 universalibus

412 3336 658 3389 Conciliis
684 3337 842 3387 editis
866 3338 1210 3406 generalibus,
1235 3339 1319 3389 vel
1344 3338 1657 3406 specialibus
1682 3338 2054 3402 sanctionibus,
2078 3356 2174 3389 nec
2197 3355 2304 3391 non

412 3425 648 3472 veterum
690 3421 914 3490 Angliae
939 3421 1175 3485 Sedium,
1210 3426 1265 3473 et
1300 3423 1633 3485 Missionum,
1658 3439 1719 3472 ac
1750 3422 2115 3473 Vicariatuum
2139 3423 2307 3491 Apos-

411 3506 691 3556 tolicorum
729 3507 866 3556 inibi
902 3511 1083 3573 postea
1122 3509 1546 3570 constitutorum,
1590 3511 1646 3557 et
1669 3523 2119 3574 quarumcumque
2142 3508 2305 3559 eccle-

413 3591 624 3653 siarum,
666 3607 728 3639 ac
765 3592 971 3656 piorum
1013 3590 1244 3641 locorum
1278 3593 1505 3659 juribus,
1547 3596 1642 3642 aut
1682 3591 1973 3660 privilegiis
1999 3591 2307 3658 juramento

413 3676 596 3736 etiam,
633 3673 1027 3724 confirmatione
1065 3675 1382 3742 Apostolica,
1421 3681 1514 3727 aut
1557 3677 1662 3727 alia
1697 3693 2027 3743 quacumque
2049 3676 2307 3727 firmitate

416 3760 684 3821 roboratis,
709 3759 1026 3826 caeterisque
1051 3761 1322 3811 contrariis
1347 3762 1776 3828 quibuscumque.
1851 3760 1954 3811 His
1973 3761 2117 3811 enim
2135 3761 2306 3812 omni-
