2534 4374
433 444 560 506 406
1053 469 1411 513 Anm'rIoNEs
1451 473 1559 530 vr,
1602 473 1709 514 vn.

429 617 680 668 reassumi
706 634 862 668 causa
885 616 1053 685 possit
1075 617 1240 667 etiam
1264 620 1386 684 post
1409 617 1572 668 initas
1599 635 1760 670 novas
1783 621 1999 689 nuptias
2022 639 2055 674 a
2077 624 2334 692 partibus,

421 700 581 767 juxta
607 700 897 754 Constitut.
924 701 1130 768 saepius
1156 703 1380 752 citatam
1403 700 1510 754 Dei
1533 702 1908 757 miseratione.

575 786 835 839 Omnibus
871 786 1145 849 absolutis,
1181 790 1238 837 et
1273 805 1398 838 cum
1433 789 1512 839 nil
1536 790 1766 857 amplius
1802 791 2170 845 deducendum
2212 811 2332 847 cen-

430 873 595 923 suerit
619 871 870 923 Defensor
892 871 1248 936 Matrimonii,
1273 874 1592 925 sententiam
1616 876 1843 943 proferet
1868 878 2175 947 Episcopus·

574 956 632 1008 Si
656 958 784 1008 haec
807 956 1125 1008 Matrimoni
1148 957 1370 1010 nullitas
1403 959 1612 1011 decreta
1637 961 1817 1025 fuerit,
1842 963 2052 1015 debebit
2078 964 2332 1018 Defensor

428 1042 763 1093 Matrimonii
799 1042 1082 1111 appellare,
1108 1043 1271 1111 juxta
1296 1045 1520 1095 citatam
1555 1043 2024 1112 Constitutionem,
2048 1068 2143 1102 nec
2180 1055 2331 1119 pote-

427 1132 554 1178 runt
588 1126 713 1196 Conj
721 1145 849 1198 uges
873 1129 941 1179 ad
966 1129 1072 1180 alia
1097 1133 1223 1180 vota
1253 1130 1491 1194 transire,
1515 1131 1619 1182 nisi
1644 1135 1765 1199 post
1793 1133 2070 1186 obtentam
2104 1135 2327 1187 alteram

428 1215 749 1265 sententiam
786 1215 1108 1266 conformem
1142 1231 1296 1282 super
1328 1215 1597 1280 nullitate,
1622 1217 1720 1268 sub
1751 1219 1934 1286 poenis
1968 1224 2149 1277 contra
2180 1221 2331 1289 poly-

426 1317 609 1370 gamos
665 1300 974 1351 constitutis
1022 1300 1082 1350 in
1130 1298 1299 1351 citata
1349 1298 1742 1353 Constitutione
1797 1301 1904 1355 Dei
1951 1302 2328 1358 miseratione.

426 1385 634 1436 Deinde
670 1385 1083 1436 transmittenda
1120 1388 1274 1435 erunt
1307 1389 1428 1436 acta
1460 1385 1529 1436 ab
1562 1386 1824 1455 Episcopo
1856 1381 1930 1439 ad*
1957 1389 1996 1441 J
1995 1390 2224 1454 udicem,
2260 1391 2329 1443 ad

426 1488 585 1539 quem
620 1474 961 1538 provocatum
997 1469 1124 1534 fuit,
1155 1470 1215 1520 in
1246 1469 1400 1538 copia
1431 1470 1757 1535 authentica,
1791 1473 1963 1525 soluta
1993 1491 2086 1543 per
2120 1481 2325 1544 partem

425 1557 820 1627 diligentiorem
845 1556 1172 1625 competenti
1196 1556 1434 1607 mercede
1460 1554 1800 1612 cancellario,

1297 2055 1452 2127 VII.

494 2250 598 2303 DE
667 2248 1057 2302 PROBANDO
1132 2248 1363 2301 STATU
1435 2246 1707 2300 LIBERO
1781 2247 2044 2301 EORUM
2115 2249 2246 2312 QUI

648 2359 1198 2414 MATRIMONIUM
1246 2358 1738 2413 CONTRAHERE
1784 2358 2098 2414 VOLUNT.

1345 2531 1393 2582 Ι.

1159 2653 1600 2707 INSTRUCTIO

420 2799 527 2837 PRO
570 2796 828 2836 ΕΧΑΜῙΝΕ
876 2795 1128 2834 monim
1161 2795 1417 2846 memma,
1466 2794 1568 2843 QUI
1615 2795 1988 2835 INDUCUNTUR
2036 2797 2140 2836 PRO
2189 2798 2323 2838 con-

562 2879 876 2918 TRAHENDIS
914 2877 1309 2928 MATRIMONIIS,
1344 2877 1460 2916 TAM
1502 2877 1565 2916 IN
1596 2877 1770 2917 cuam
1805 2878 2224 2918 EMINENTISSIMI
2254 2879 2324 2929 Er

561 2963 1029 3004 REVERENmssmr
1075 2963 1132 3001 D.
1184 2961 1534 3013 CARDINALIS,
1576 2963 1737 3001 URBIs
1784 2963 2016 3015 vicium,
2058 2963 2219 3012 QUAM
2259 2963 2323 3004 ΙΝ

560 3051 707 3090 ALIIS
742 3049 930 3089 eunus
964 3048 1334 3088 CAETERORUM
1370 3048 1821 3087 ORDINARIORUM.

562 3168 629 3218 In
653 3167 868 3235 primis:
907 3165 1079 3216 Testis
1102 3167 1378 3215 moneatur
1401 3164 1467 3214 de
1500 3165 1763 3233 gravitate
1785 3164 2100 3233 juramenti,
2132 3167 2191 3217 in
2223 3168 2323 3219 hoc

417 3255 724 3323 praesertim
742 3251 957 3320 negotio
975 3249 1397 3318 pertimescendi,
1417 3249 1475 3299 in
1493 3265 1597 3316 quo
1621 3249 1805 3299 divina
1829 3250 1987 3300 simul
2011 3254 2067 3301 et
2090 3251 2323 3303 humana

417 3340 664 3406 majestas
706 3337 952 3399 laeditur,
991 3335 1058 3386 ob
1098 3335 1192 3397 rei,
1234 3334 1300 3385 de
1341 3350 1447 3402 qua
1488 3337 1763 3396 tractatur,
1805 3334 2224 3402 importantiam,
2266 3341 2322 3388 et
2336 3360 2348 3372 ν

417 3425 766 3494 gravitatem3
804 3426 860 3472 et
883 3421 1026 3489 quod
1055 3420 1306 3470 imminet
1338 3435 1508 3486 poena
1539 3419 1839 3469 triremium
1873 3422 1929 3469 et
1961 3419 2321 3487 fastigationis

417 3508 705 3577 deponenti
730 3507 940 3557 falsum.

559 3612 636 3663 ΙΙ.
688 3611 1047 3679 Interrogatur
1102 3610 1169 3660 de
1224 3609 1458 3671 nomine,
1506 3607 1838 3676 cognomine,
1885 3608 2075 3674 patria,
2124 3612 2319 3673 aetate,

415 3696 664 3751 exercitio
688 3699 745 3746 et
768 3695 1116 3746 habitatione.
