2534 4374
460 487 705 539 APPEND.
755 490 839 530 111.
926 489 1122 531 coss'r.
1171 490 1352 533 noem.
1403 492 1558 534 cose.
1604 495 1728 536 vn.
1910 480 2030 542 297

290 637 349 691 Si
375 638 492 705 quis
511 639 691 704 itaque
710 637 920 696 dixerit,
943 635 1236 687 Romanum
1268 639 1579 692 Pontificem
1602 640 1785 692 habere
1806 649 2036 691 tantum-

147 724 304 778 modo
342 724 575 775 officium
613 723 953 790 inspectionis
994 723 1070 773 vel
1111 724 1431 787 directioni8‚
1468 743 1570 777 non
1609 733 1787 777 autem
1831 727 2035 794 plenam

148 814 204 862 et
236 826 531 877 supremam
565 812 882 876 potestatem
910 808 1294 875 jurisdictionis
1328 812 1382 861 in
1410 813 1703 862 universam
1732 812 2037 867 Ecclesiam.

147 910 251 945 non
277 893 445 944 solum
471 894 527 943 in
552 892 720 952 rebuS,
744 909 879 958 quae
911 893 975 942 ad
1009 892 1164 943 fidem
1208 899 1263 943 et
1303 911 1484 956 mores,
1525 896 1613 945 sed
1655 896 1815 946 etiam
1861 898 1911 945 in
1957 898 2037 956 iis,

147 994 282 1047 quae
329 980 394 1030 ad
444 978 780 1045 disciplinam
831 983 885 1027 et
928 979 1158 1044 regimen
1206 978 1467 1030 Ecclesiae
1512 998 1599 1047 per
1644 987 1816 1031 totum
1862 982 2036 1031 orbem

148 1062 368 1114 diffusae
393 1064 691 1131 pertinent3
729 1069 823 1112 aut
852 1080 972 1112 eum
1011 1063 1195 1113 habere
1231 1069 1441 1115 tantum
1470 1066 1694 1132 potiores
1722 1076 1907 1134 partes,
1936 1084 2035 1116 nun

149 1166 264 1200 vero
297 1154 467 1200 totam
509 1148 896 1215 plenitudinem
940 1148 1094 1216 hujus
1134 1166 1403 1216 supremae
1434 1153 1742 1217 potestatis3
1781 1159 1874 1202 aut
1906 1152 2038 1201 liano

147 1236 259 1304 ejus
301 1238 619 1303 potestatem
663 1250 767 1284 non
812 1251 919 1284 esse
963 1234 1278 1285 ordinariam
1323 1240 1379 1285 et
1421 1235 1785 1286 immediatam
1832 1238 1938 1287 sivc·
1987 1240 2036 1286 in

148 1337 324 1372 omnes
348 1337 408 1371 ac
435 1320 667 1389 singulas
693 1319 952 1379 ecclesias,
980 1322 1087 1370 sive
1113 1321 1169 1370 in
1195 1337 1373 1370 omnes
1398 1326 1453 1371 et
1478 1322 1707 1390 singulos
1734 1329 1959 1387 pastores
1985 1331 2041 1371 vt,

147 1406 354 1465 fideles3
392 1406 674 1456 anathema
700 1407 786 1457 sit.

907 1556 1142 1607 CAPUT
1183 1558 1276 1608 IV.

410 1686 489 1738 De
512 1685 763 1739 Romani
789 1685 1083 1754 Pontifici&
1109 1685 1412 1754 infallibili
1437 1686 1774 1755 magisterio.

288 1800 409 1868 Ipso
446 1805 628 1850 autem
666 1798 976 1867 Apostolico
1016 1801 1268 1867 primatu,
1302 1817 1460 1867 quem
1496 1801 1761 1851 Romanus
1797 1802 2040 1851 Pontifex

145 1890 418 1954 tamquam
462 1886 609 1936 Petri
654 1886 907 1953 principis
947 1886 1315 1952 Apostolorum
1355 1904 1611 1937 successor
1652 1888 1706 1936 in
1750 1889 2038 1937 universam

145 1970 433 2022 Ecclesiam
482 1971 707 2034 obtinet,
755 1988 1052 2038 supremam
1107 1989 1313 2039 quoque
1372 1973 1665 2039 magisterii
1724 1979 2037 2039 potestatem

145 2057 530 2125 comprehendi,
594 2056 721 2107 haec
788 2056 982 2107 Sancta
1048 2058 1203 2108 Sedes
1268 2075 1470 2125 semper
1520 2060 1709 2119 tenuit,
1764 2067 2042 2125 perpetuus

147 2142 405 2194 Ecclesiae
429 2160 552 2193 usus
582 2143 904 2210 comprobat,
930 2143 1147 2210 ipsaque
1181 2143 1516 2194 oecumenica
1550 2143 1800 2205 Concilia,
1842 2161 1901 2193 ea
1943 2144 2041 2192 im·

145 2228 347 2296 primis,
383 2229 440 2278 in
477 2228 667 2296 quibus
706 2228 890 2279 Oriens
928 2246 1050 2278 cum
1091 2228 1378 2280 Occidente
1416 2230 1472 2279 in
1511 2230 1633 2279 fidei
1668 2229 2042 2295 charitatisque

145 2314 391 2364 unionem
454 2315 813 2374 conveniebat,
872 2315 1281 2365 declaraverunt.
1383 2315 1562 2365 Patres
1620 2317 1759 2364 enim
1820 2313 2038 2364 Concilii

147 2398 719 2466 Constantinopolitani
754 2402 949 2467 quarti,
984 2401 1243 2467 majorum
1278 2402 1514 2469 vestigiis
1539 2401 1880 2460 inhaerenteS,
1911 2400 2043 2448 hanc

146 2484 428 2535 solemnem
453 2486 733 2536 ediderunt
757 2487 1158 2553 professionem:
1201 2485 1377 2535 Prima
1412 2485 1548 2535 salus
1581 2491 1679 2546 est,
1714 2490 1883 2534 rectae
1917 2484 2037 2533 fidei

146 2570 377 2638 regulam
426 2572 700 2622 custodire.
797 2571 865 2621 Et
916 2573 1043 2638 quia
1085 2588 1192 2623 non
1235 2575 1410 2639 potest
1454 2571 1666 2620 Domini
1712 2570 1871 2619 nostri
1915 2569 2039 2619 Jesu

148 2654 341 2706 Christi
378 2657 732 2723 praetermitti
772 2658 1035 2708 sententia
1072 2657 1328 2707 dicentis:
1380 2655 1460 2706 Tu
1495 2674 1547 2705 es
1583 2654 1785 2714 Petrus,
1813 2663 1865 2704 et
1892 2672 2045 2720 super

144 2740 278 2792 hanc
302 2747 506 2809 petram
529 2743 814 2793 aedificabo
841 2742 1131 2793 Ecclesiam
1164 2759 1356 2803 meam,
1380 2741 1523 2801 haec,
1557 2756 1691 2806 quae
1723 2740 1865 2789 dicta
1900 2747 2041 2795 sunt,

147 2844 315 2877 rerum
340 2829 628 2895 probantur
651 2829 945 2891 effectibus,
970 2829 1097 2896 quia
1123 2830 1179 2879 in
1206 2827 1339 2878 Sede
1370 2826 1671 2894 Apostolica
1702 2825 2041 2875 immaculata

145 2917 224 2962 est
255 2930 454 2981 semper
488 2914 747 2964 catholica
781 2919 1037 2964 reservata
1072 2913 1275 2979 religio,
1313 2917 1368 2962 et
1408 2916 1588 2962 sancta
1627 2911 1883 2960 celebrata
1924 2912 2044 2959 (loc-

146 2999 300 3049 trina.
361 2999 443 3049 Ab
467 2999 624 3066 hujus
647 3016 769 3067 ergo
794 2998 896 3049 fide
922 3003 978 3049 et
1002 2998 1242 3049 doctrina
1267 2998 1492 3065 separari
1513 2998 1734 3047 minime
1754 2998 2043 3063 cupientes,

147 3100 411 3150 speramus
436 3088 498 3133 ut
523 3085 579 3133 in
610 3100 715 3134 una
745 3084 1133 3143 communione,
1164 3100 1322 3150 quam
1364 3082 1519 3133 Sedes
1556 3081 1857 3148 Apostolica
1900 3099 2043 3147 prae-

147 3169 307 3229 dicat,
348 3186 456 3219 esse
494 3186 800 3231 mereamur,
838 3169 890 3218 in
937 3186 1040 3235 qua
1085 3174 1165 3217 est
1209 3169 1415 3235 integra
1457 3173 1511 3217 et
1556 3184 1674 3216 vera
1720 3165 2041 3216 Christianae

146 3254 412 3322 religionis
466 3254 738 3304 soliditas,¹
835 3253 1172 3320 Approbante
1232 3270 1348 3302 vero
1407 3251 1747 3318 Lugdunensi
1809 3249 2042 3300 Concilio

147 3339 388 3401 secundO,
426 3338 613 3389 Graeci
658 3339 870 3405 professi
915 3344 1068 3388 sunt:
1121 3338 1370 3387 Sanctam
1416 3336 1707 3385 Romanam
1755 3334 2038 3384 Ecclesiam

147 3439 412 3473 summum
445 3429 501 3473 et
533 3424 750 3491 plenum
784 3425 1074 3491 primatum
1105 3428 1160 3472 et
1187 3424 1539 3490 principatum
1567 3437 1719 3486 super
1746 3421 2036 3469 universam

149 3507 434 3558 Ecclesiam
484 3509 798 3559 catholicam
849 3508 1101 3570 obtinere,
1146 3524 1302 3574 quem
1354 3524 1404 3555 se
1447 3506 1514 3554 ab
1556 3505 1670 3571 ipso
1715 3504 1939 3552 Domino
1985 3504 2038 3551 in

224 3644 237 3667 ¹
261 3646 328 3685 Ex
346 3646 526 3686 formula
547 3646 588 3687 S.
611 3646 863 3688 Hormisdae
884 3646 1035 3697 Papae,
1064 3647 1187 3696 prout
1215 3645 1267 3683 ab
1298 3643 1513 3683 Hadriano
1543 3642 1604 3682 ΙΙ.
1640 3642 1834 3681 Patribus
1862 3642 2038 3680 Concilii

147 3712 413 3754 Oecumenici
433 3713 574 3763 VIII„
597 3710 1055 3765 Constantinopolitani
1076 3711 1169 3758 IV.‚
1186 3710 1395 3762 proposita
1415 3712 1455 3748 ct
1475 3709 1527 3747 nb
1548 3707 1692 3746 iisdem
1714 3707 1944 3758 subscripta
1965 3714 2041 3746 est.
