2534 4374
368 463 452 522 40
945 473 1101 516 cONc.
1147 471 1312 514 PRov.
1357 470 1579 514 WEs'rM.
1626 471 1665 512 1.

353 620 731 672 nominationis
779 602 1015 687 capitulo
1071 619 1358 671 exhibebit.
1456 617 1661 668 Deinde
1710 617 2084 685 professionem
2131 613 2266 665 fidei

356 723 527 757 coram
564 705 799 773 capitulo
835 705 1078 772 proferet.
1182 702 1364 772 (Go‘ne.
1407 701 1560 754 Trid.
1600 719 1719 754 seSS.
1757 715 1937 767 XXIV„
1973 720 2019 754 c.
2059 703 2143 763 12,
2179 697 2273 750 De·

351 789 603 860 reform.)
653 790 928 840 Praeterea
952 806 1091 852 ver0,
1107 788 1489 840 observandum
1504 789 1646 855 quod
1665 789 1980 839 Tridentina
2007 786 2250 856 Synodus

356 877 450 928 sub
482 876 664 943 poenis
707 876 783 926 ibi
831 875 1012 926 relatis
1061 876 1320 942 imperat:
1363 873 1585 924 scilicet
1632 878 1697 924 ut
1746 877 1781 903 “
1801 877 2046 925 teneatur
2087 892 2121 926 a
2163 875 2251 926 die

354 962 577 1028 adeptae
618 961 951 1028 possessionis
993 961 1062 1011 ad
1100 961 1278 1011 minus
1318 960 1462 1010 intra
1503 959 1636 1010 duos
1671 974 1893 1023 mensem,
1917 960 1977 1010 in
2012 961 2274 1014 manibus·

356 1046 521 1112 ipsius
544 1045 794 1113 episcopi,
819 1045 920 1107 vel,
946 1062 1006 1095 eo
1030 1045 1309 1112 impedito,
1333 1061 1509 1095 coram
1533 1044 1764 1114 generali
1789 1044 1903 1112 ejus
1928 1045 2142 1110 vicario,
2169 1063 2266 1099 seu

356 1131 584 1193 officiali,
608 1130 922 1182 orthodoxae
947 1147 1070 1180 suae
1095 1129 1223 1180 fidei
1246 1129 1521 1197 publicam
1546 1129 1715 1180 facere
1751 1129 2130 1197 professionem
2150 1149 2165 1192 3
2204 1137 2268 1184 et-

355 1216 414 1265 in
450 1215 716 1266 Romanae
749 1216 1015 1266 Ecclesiae
1049 1215 1353 1267 obedientia
1391 1231 1444 1265 se
1477 1231 1880 1282 permansurum
1917 1215 2176 1283 spondeat
2198 1233 2274 1269 a&

348 1299 542 1367 juret.”
614 1300 804 1351 Postea
829 1300 1046 1351 emittet
1070 1300 1477 1351 declarationem
1503 1303 1841 1368 sequentem:

499 1389 534 1415 ‘⁶
552 1385 667 1455 Ego
709 1384 761 1435 N
764 1422 796 1449 .,
845 1385 1044 1436 electus
1093 1386 1374 1436 canonicus
1421 1383 1581 1452 hujus
1630 1385 1878 1436 ecclesiae
1927 1385 2278 1452 cathedralis,

359 1470 561 1522 declaro
585 1487 671 1521 me
690 1488 813 1521 cum
837 1471 1018 1521 debito
1043 1470 1293 1538 obsequio
1317 1469 1553 1538 accipere
1579 1472 1783 1521 statuta
1819 1469 1979 1539 hujus
2015 1472 2276 1540 capituli,

360 1560 415 1606 et
449 1556 703 1623 promitto
739 1555 1096 1606 obedientiam
1133 1555 1199 1606 de
1234 1559 1431 1606 secreto
1467 1556 1733 1619 servando,
1766 1555 1933 1607 etiam
1969 1557 2068 1609 sub
2090 1558 2270 1627 gravi,

359 1641 563 1708 quoties
588 1633 860 1708 episcopus
884 1641 967 1691 vel
993 1640 1290 1708 capitulum
1314 1640 1686 1708 praeceperit.’'

504 1731 553 1778 8.
604 1728 751 1778 Tunc
775 1728 1102 1795 praepositus
1127 1728 1378 1778 canonico
1411 1727 1578 1778 electo
1614 1727 1919 1796 adsignabit
1952 1727 2172 1779 stallum
2207 1732 2279 1780 et-

361 1813 791 1866 convenientibus
815 1813 984 1864 verbis
1008 1813 1188 1880 ipsum
1211 1813 1427 1864 nomine
1450 1812 1616 1863 totius
1641 1811 1868 1880 capituli
1899 1813 2227 1881 adloquetur.

506 1902 554 1950 9.
607 1898 915 1967 Capitulum
939 1916 1108 1966 neque
1132 1900 1338 1968 exigere
1361 1915 1533 1966 neque
1557 1899 1793 1966 accipere
1811 1915 1843 1949 a
1860 1915 1995 1949 novo
2011 1899 2279 1951 canonico-

362 1984 565 2052 aliquid
587 1988 779 2052 potest,
803 1988 1016 2052 propter
1039 1984 1460 2035 nominationem
1479 1983 1562 2035 vel
1576 1983 2011 2036 installationem.
2062 1982 2287 2052 Optan-=

363 2070 492 2121 dum
532 2074 612 2120 est
654 2074 718 2120 ut
757 2070 1093 2137 dispendium
1132 2069 1353 2132 vitetur,
1391 2073 1655 2136 quantum
1678 2068 1792 2119 fieri
1826 2073 2023 2137 potest,
2055 2070 2269 2137 quoties

364 2155 658 2222 capitulum
683 2157 954 2206 convenire
974 2155 1276 2224 contigerit,
1296 2159 1352 2205 et
1375 2155 1683 2224 praesertim
1697 2155 1757 2205 in
1774 2154 2085 2206 celebrando
2102 2170 2279 2207 novo-⁴

363 2258 482 2291 rum
506 2240 875 2291 canonicorum
901 2242 1141 2310 ingressu
1166 2239 1255 2310 (¹).

738 2387 859 2439 III.
910 2386 990 2438 Dc
1021 2385 1415 2439 Praecedentia
1454 2384 1885 2440 Canonicorwm.

511 2514 594 2563 10.
644 2511 949 2579 Praeposito
985 2512 1244 2579 competit
1280 2512 1516 2579 primum
1553 2511 1789 2574 stallum,
1812 2511 1899 2563 vel
1921 2509 2097 2580 prima
2119 2509 2279 2562 sedes⁴

365 2600 486 2665 post
509 2598 830 2664 episcopum.

513 2684 595 2732 11.
643 2681 771 2731 Post
794 2683 972 2748 ipsum
998 2681 1200 2733 sedebit
1223 2682 1503 2733 canonicus
1529 2684 1699 2734 senior
1713 2682 1874 2749 juxta
1897 2685 2110 2749 tempus
2142 2696 2281 2732 suae-

367 2766 734 2834 possessionis3
783 2765 973 2816 deinde
1015 2767 1208 2817 caeteri
1255 2766 1497 2818 canonici
1546 2767 1832 2818 successive
1879 2766 2058 2818 locum
2107 2782 2266 2818 suum

367 2851 557 2903 habere
580 2851 788 2902 debent.

514 2938 598 2985 12.
647 2935 968 2986 Functiones
992 2936 1392 2988 caeremoniales
1417 2936 1735 3004 episcopales
1770 2952 1877 2988 non
1906 2936 1975 2988 ad
2007 2937 2268 2987 vicarium
2356 2981 2363 2986 .

370 3021 714 3089 capitularem
731 3021 1016 3088 pertinent,
1033 3022 1123 3072 sed
1137 3022 1205 3073 ad
1219 3023 1448 3090 primam
1463 3022 1788 3091 dignitatem
1803 3021 2046 3090 capituli.
2063 3020 2119 3073 S.
2129 3021 2195 3073 R.
2208 3019 2269 3072 C.

372 3107 509 3175 Aug.
537 3105 588 3168 7,
616 3104 770 3156 1627.

518 3193 600 3241 13.
650 3190 1022 3241 Praecedentia
1064 3191 1283 3243 debetur
1329 3191 1524 3243 vicario
1573 3191 1855 3259 capitulari
1895 3209 2049 3260 super
2089 3207 2284 3243 omnes

373 3277 437 3327 de
461 3275 711 3342 capitu10‚
737 3279 954 3342 excepta
979 3276 1242 3344 dignitate
1266 3276 1350 3327 vel
1374 3277 1478 3327 alio
1504 3280 1928 3343 repraesentante
1952 3277 2271 3345 capitulum.

376 3360 429 3413 S.
455 3361 519 3412 R.
547 3360 603 3411 G.
630 3361 782 3411 Junii
810 3363 894 3424 12,
922 3362 1057 3412 1638
1080 3380 1094 3422 ;
1130 3362 1328 3429 Aprilis
1355 3364 1406 3424 2,
1436 3360 1589 3414 1667.

520 3448 602 3496 14.
650 3445 858 3496 Vicario
894 3446 1176 3514 capitulari
1209 3447 1354 3497 locus
1390 3448 1664 3514 competit,
1702 3451 1816 3498 tam
1840 3448 1899 3498 in
1929 3448 2083 3499 choro
2107 3464 2271 3515 quam

374 3531 434 3582 in
474 3531 902 3598 processionibuS,
943 3548 975 3581 a
1014 3532 1237 3582 sinistris
1280 3531 1598 3599 dignitatis3
1642 3532 1745 3595 vel,
1788 3533 1961 3600 prima
2003 3533 2284 3601 dignitate·

373 3615 634 3667 deferente
692 3615 1080 3665 sanctissimum
1140 3613 1558 3678 Sacramentum,
1617 3630 1652 3666 a
1711 3616 1935 3667 sinistris
1994 3618 2157 3684 primi
2209 3621 2271 3669 et
2309 3684 2311 3686 Ι

520 3765 575 3819 (1)
615 3764 710 3810 Qua
745 3764 796 3805 de
830 3777 876 3804 re
909 3777 1010 3818 prae
1046 3764 1177 3805 oculis
1211 3765 1404 3805 habenda
1448 3778 1555 3818 quae
1601 3765 1770 3818 egregie
1812 3766 1945 3808 tradit
1990 3767 2279 3818 Monucxnn,.

377 3831 600 3872 Formular.
624 3832 752 3882 leqale,
772 3831 882 3883 part.
904 3842 985 3880 111„
1003 3829 1072 3870 tit.
1095 3833 1132 3880 3,
1154 3830 1278 3871 form.
1299 3831 1382 3872 IX.
