2534 4374
506 402 630 461 204
1064 423 1227 465 coxo,
1277 423 1447 464 PRov.
1495 422 1715 465 wms'rM.
1761 423 1848 463 111.

495 554 558 603 in
620 572 742 606 casu
794 555 1052 607 Ordinum
1102 557 1446 624 Regula-rium
1495 559 1666 624 quoad
1715 558 2264 608 commemorationem
2315 558 2395 608 sui

502 639 835 703 FundatoriS,
896 646 951 691 et
1012 641 1168 692 salvis
1231 641 1523 709 privilegiis
1584 642 1992 710 particularibus
2051 659 2084 693 a
2144 641 2198 694 S.
2259 641 2394 693 Sede

494 741 768 776 concessis.

644 809 830 872 Quare,
856 809 950 861 &c.

693 963 782 1013 Ex
818 964 1138 1015 AumnNriA
1177 964 1338 1016 SSMI.
1377 977 1585 1017 mmm
1620 979 1719 1018 Dm
1754 970 1824 1018 24
1859 967 2022 1032 MAH,
2063 969 2216 1021 1863.

641 1074 851 1126 SSmus.
877 1075 1041 1127 Dnus.
1062 1077 1252 1128 Noster
1271 1077 1409 1128 PIUS
1427 1078 1609 1128 divina
1633 1080 1834 1145 provid.
1862 1079 1970 1131 ΡΡ.
1998 1079 2117 1144 ΙΧ.,
2142 1080 2394 1131 referente

493 1176 584 1211 me
620 1161 951 1228 infrascripto
1002 1161 1055 1212 S.
1096 1161 1257 1231 Cong.
1296 1163 1362 1213 de
1399 1163 1554 1231 Prop.
1594 1164 1726 1215 Fide
1765 1164 2133 1229 Secretarium,
2166 1165 2394 1233 benigne

493 1246 686 1295 annuit
713 1263 806 1312 pro
829 1248 1003 1313 gratia
1020 1247 1180 1314 juxta
1204 1265 1394 1314 preces,

639 1330 762 1381 Dat.
791 1330 1003 1382 Romae.
1042 1349 1106 1382 ex
1139 1333 1266 1383 Aed.
1308 1334 1410 1383 dic.
1452 1331 1506 1384 S.
1553 1332 1987 1403 Congregationis
2028 1334 2116 1386 die
2157 1338 2215 1386 et
2255 1349 2393 1385 anno

495 1416 797 1482 praedictis

642 1500 820 1552 Gratis
846 1502 955 1553 sine
979 1502 1090 1553 ulla
1115 1503 1373 1554 solutione
1398 1521 1729 1572 quocumque
1754 1505 1933 1556 titulo.

1545 1610 1617 1659 H.
1670 1608 1927 1672 CAPALTI,
1964 1607 2331 1673 Sem-otarius„

497 1675 560 1726 L.
598 1674 671 1746 ›1‹
707 1676 760 1728 S.

1389 1858 1519 1908 VI.-

533 1966 628 2017 DE
684 1934 1218 2020 INDULGENTIIS
1273 1967 1355 2019 IN
1410 1967 1657 2019 FESTIS
1708 1967 1960 2021 D.N.J.C.
2016 1969 2110 2019 ET
2146 1969 2356 2021 B.V.M.

497 2081 808 2132 Beatissime
834 2082 1009 2143 Pater,

638 2166 739 2216 Per
782 2166 1118 2234 Rescriptum
1145 2165 1259 2218 S.C.
1286 2167 1352 2218 de
1378 2166 1601 2234 Propda.
1629 2166 1764 2218 Fide
1803 2167 1911 2218 diei
1951 2170 2016 2216 14
2053 2167 2209 2230 Maii,
2240 2170 2393 2230 1853,

495 2251 761 2302 Sanctitas
780 2252 966 2302 Vestra
984 2252 1213 2320 benigne
1231 2252 1452 2321 dignata
1476 2258 1556 2303 est
1575 2253 1853 2303 concedere
1871 2253 2115 2304 omnibus
2133 2253 2395 2305 Dioecesi-

501 2339 593 2387 bus
619 2337 842 2406 Angliae
867 2337 1269 2406 Indulgentiam
1293 2337 1594 2389 Plenariam
1614 2339 1710 2389 sub
1729 2338 1897 2390 solitis
1922 2340 2313 2391 conditionibus
2336 2341 2393 2390 in

492 2422 738 2473 >omnibus
781 2423 928 2472 festis
979 2421 1234 2474 D.N.J.C.
1276 2427 1333 2473 et
1375 2423 1758 2474 Immaculatae
1802 2424 1975 2491 Ipsius
2024 2425 2214 2475 Matris
2234 2443 2248 2485 3
2304 2442 2395 2492 per

497 2508 780 2558 Decretum
805 2524 926 2558 vero
953 2505 1067 2558 S.C.
1095 2507 1307 2575 Indulg.
1336 2508 1444 2558 diei
1474 2511 1536 2558 18
1566 2508 1730 2576 Sept.,
1759 2510 1916 2572 1862,
1941 2509 2229 2560 declaravit
2271 2509 2392 2562 S.V.

498 2610 589 2660 per
634 2593 791 2644 verba
838 2591 907 2644 in
963 2591 1224 2643 omnibus
1261 2591 1427 2661 festis
1464 2592 1724 2646 D.N.J.C.
1762 2594 1995 2662 intelligi
2037 2595 2223 2646 debere
2262 2596 2395 2646 festa

498 2677 832 2741 NativitatiS,
870 2675 1312 2740 Circumcisionis,
1357 2677 1704 2746 Epiphaniae,
1738 2678 2028 2742 Paschatis‚
2065 2679 2393 2731 Ascensionis

495 2773 555 2821 et
574 2767 812 2836 Corporis
828 2766 1044 2829 Christi,
1061 2783 1153 2834 per
1171 2767 1326 2817 verba
1351 2771 1533 2817 autem
1557 2765 1624 2817 in
1650 2765 1909 2818 omnibus
1924 2765 2090 2836 festis
2114 2766 2178 2819 B.
2206 2766 2284 2818 M.
2316 2766 2394 2829 V..

499 2855 634 2904 festa
683 2853 1050 2920 Conceptionis
1102 2853 1155 2903 N
1156 2853 1437 2916 ativitatis,
1490 2852 1951 2916 AnnuneiationiS,
2005 2853 2395 2904 Purifieationis

495 2942 556 2989 et
584 2938 1006 3005 Assumptionis:

646 3022 748 3074 Sed
772 3039 938 3090 quum
962 3023 1017 3072 in
1045 3023 1289 3074 omnibus
1315 3021 1636 3074 Calendariis
1661 3024 1886 3092 Angliae
1910 3023 2069 3074 editis
2093 3040 2200 3074 non
2226 3025 2395 3075 solum

498 3109 636 3159 festa
659 3108 928 3175 praedicta
971 3108 1060 3158 sed
1086 3108 1268 3171 etiam,
1292 3124 1385 3174 per
1423 3125 1663 3171 errorem,
1688 3113 1744 3159 et
1782 3109 1888 3158 alia
1931 3109 2237 3159 secundaria
2260 3109 2395 3159 festa

502 3193 638 3244 D.N.
665 3199 720 3244 et
745 3192 924 3243 Bmae.
949 3193 1014 3242 V.
1041 3196 1228 3260 utpote
1252 3194 1349 3243 hoe
1364 3193 1643 3261 privilegio
1662 3194 1903 3244 decorata
1927 3211 2019 3260 per
2042 3194 2210 3244 varios
2233 3210 2395 3244 annos

498 3281 611 3331 sint
627 3279 918 3347 publicata,
942 3283 1103 3346 atque
1145 3295 1391 3345 persaepe
1433 3294 1465 3327 a
1502 3282 1755 3346 suggestu
1795 3278 1864 3328 ad
1905 3278 2084 3328 fideles
2123 3279 2181 3327 in
2213 3278 2395 3328 diebus

501 3365 795 3415 Dominicis
819 3382 851 3414 a
876 3363 1242 3414 Sacerdotibus
1267 3363 1375 3412 sint
1397 3362 1763 3429 promulgata:

646 3448 896 3499 Nicolaus
923 3447 1213 3498 Cardinalis
1238 3447 1670 3514 Archiepiscopus
1693 3445 2280 3509 westmonasteriensis,
2303 3463 2396 3514 pro

500 3551 575 3596 se,
592 3534 800 3601 suisque
820 3532 1191 3600 Suffraganeis‚
1209 3533 1360 3582 enixe
1380 3531 1659 3599 supplicat,
1678 3531 1746 3582 ad
1763 3531 2072 3581 evitandum
2091 3531 2396 3581 scandalum

503 3623 562 3669 et
618 3635 686 3668 ne
746 3619 1017 3668 minuatur
1077 3617 1530 3668 Sacramentorum
1590 3617 1883 3683 frequentia
1941 3616 2144 3666 ratione
2214 3615 2396 3666 Indul-

503 3705 807 3773 gentiarum
831 3704 1084 3753 hactenus
1125 3702 1515 3770 publicatarum
1557 3701 1874 3763 introducta,
1917 3704 1981 3750 ut
2024 3699 2144 3752 S.V.
2170 3700 2395 3769 benigne
