2534 4374
491 443 611 504 134
1055 465 1214 507 corto.
1262 464 1427 506 PRov.
1473 464 1694 506 wnsm.
1738 466 1802 506 11.

474 610 612 661 bunt
651 611 988 662 collationem
1026 613 1280 680 baptismi
1317 612 1513 680 absque
1561 613 1852 663 necessario
1894 630 1995 664 usu
2034 616 2286 667 materiae
2327 622 2386 668 et

474 695 668 747 formae
695 697 1002 760 essentiaIiS,
1021 697 1180 747 debet
1205 698 1496 748 examinari
1520 714 1670 748 casus
1695 698 2045 765 particularis.
2120 703 2171 751 2.
2199 700 2383 762 Quoad

469 779 600 831 alios
629 783 724 848 qui
758 782 917 849 juxta
953 799 1135 833 eorum
1172 782 1414 833 Ritualia
1450 783 1732 850 baptizant
1767 783 1962 848 valide,
1986 785 2225 837 validum
2261 803 2384 838 cen-

471 867 693 916 sendum
718 884 827 917 esse
863 867 1159 934 Baptisma.
1235 871 1284 919 3.
1325 868 1383 921 Si
1421 873 1604 919 autem
1639 873 1782 920 certe
1806 875 2148 939 cognoscatur
2171 871 2382 923 nullum

469 950 748 1018 Baptisma
803 969 866 1002 ex
921 953 1303 1004 consuetudine
1358 952 1559 1004 actuali
1610 953 1756 1005 illius
1805 958 1995 1019 sectae,
2044 955 2254 1007 nullum
2302 961 2384 1008 est

470 1037 891 1088 matrimonium.
2221 1096 2235 1116 ο

611 1122 815 1190 Hisque
835 1123 1079 1174 omnibus
1099 1122 1477 1176 Sanctissimus
1496 1125 1781 1192 superaddi
1798 1126 2099 1178 mandavit:
2134 1126 2202 1177 In
2219 1126 2381 1179 tertio

467 1223 590 1256 casu
626 1208 852 1274 praefati
891 1208 1088 1258 decreti
1124 1209 1438 1276 respiciente
1467 1210 1779 1260 nullitatem
1804 1214 2003 1262 certam
2028 1210 2297 1279 Baptismi
2319 1211 2380 1263 in

466 1298 616 1360 parte
663 1293 928 1344 haeretica
975 1294 1121 1344 idem
1171 1295 1465 1364 Episcopus
1513 1294 1566 1346 N
1568 1295 1996 1347 eo-Eboracensis
2042 1301 2274 1348 recurrat
2319 1297 2379 1348 in

466 1378 673 1429 casibus
698 1378 1122 1446 particularibus·

1002 1464 1266 1516 ANGELUS
1290 1466 1562 1530 ARGENTI,
1588 1464 1646 1519 S.
1674 1464 1744 1517 R.
1770 1469 1820 1517 et
1852 1464 1913 1517 U.
1938 1465 1989 1517 Ι.
2013 1463 2304 1518 Notarius.

608 1551 711 1603 Die
736 1554 806 1602 20
829 1550 1135 1603 Decembris
1164 1550 1321 1604 1837.

1187 1817 1420 1882 PARS
1462 1820 1654 1881 VIII.

502 1977 696 2019 SUPER
722 1977 1068 2025 QUALITATE
1095 1978 1498 2020 PBOBATIONIS
1526 1979 1964 2026 REQUIRENDAE
1990 1979 2330 2027 ANTEQUAM

931 2053 1249 2096 SECUNDAE
1275 2053 1547 2095 NUPTIAE
1575 2053 1907 2117 INEANTUR.

1018 2191 1058 2242 (1
1089 2187 1217 2230 Conc.
1235 2187 1558 2238 Westmonast„
1586 2186 1708 2238 xxii„
1738 2187 1819 2240 26.)

1074 2336 1415 2380 INSTRUC'I'IO
1444 2337 1488 2378 S.
1521 2337 1753 2380 OFFICII.

603 2485 854 2555 Ingentes
889 2485 1150 2537 bellorum
1186 2484 1377 2548 cladeS‚
1402 2484 1640 2552 aliaeque
1672 2502 1847 2536 rerum
1872 2484 2225 2537 humanarum
2248 2502 2373 2537 con-

458 2571 736 2634 versioneS,
755 2571 948 2639 quibus
972 2574 1151 2622 nostra
1176 2571 1304 2620 haec
1329 2574 1473 2620 aetas
1499 2569 1707 2637 objecta
1733 2569 1859 2632 fuit,
1885 2571 2182 2637 frequentes
2200 2571 2372 2622 adhuc

460 2656 808 2723 suppeditant
833 2656 1034 2707 Romae
1058 2654 1364 2719 mulierum,
1388 2659 1445 2705 et
1469 2655 1786 2722 quandoque
1812 2656 2042 2705 virorum
2066 2672 2262 2722 preces,
2277 2658 2373 2723 qui

457 2741 618 2810 legali
666 2741 984 2792 documento
1045 2741 1233 2791 mortis
1282 2739 1523 2808 conjugis
1539 2739 1562 2807 j
1569 2739 1754 2790 amdin
1813 2739 2044 2790 absentis
2105 2741 2370 2805 destituti,

459 2827 735 2876 licentiam
784 2830 965 2877 tamen
1015 2825 1326 2888 sollicitant,
1365 2841 1471 2892 qua
1514 2824 1617 2875 sibi
1665 2823 1827 2875 liceat
1874 2825 1943 2875 ad
1985 2825 2116 2876 alias
2157 2827 2373 2894 nuptias

459 2912 696 2962 transire.
772 2911 807 2961 J
808 2928 896 2961 am
933 2927 1053 2961 vero
1091 2909 1251 2962 Sedes
1287 2908 1609 2976 Apostolica,
1635 2925 1726 2959 seu
1751 2926 1995 2977 suprema
2019 2927 2162 2960 sacra
2186 2910 2373 2962 Emin-

460 2996 855 3047 entissimorum
882 2996 1240 3046 Romanorum
1268 2993 1322 3045 S.
1339 2993 1405 3044 R.
1427 2994 1490 3044 E.
1520 2992 1880 3044 Cardinalium
1905 2995 1974 3044 ad
1997 2993 2126 3045 haec
2151 2996 2373 3064 deputae

461 3085 637 3131 torum
689 3079 1058 3148 CongregatiO,
1108 3079 1476 3131 ecelesiasticis
1525 3078 1722 3147 regulis
1771 3080 1986 3130 omnino
2035 3081 2257 3144 insistit,
2306 3098 2371 3133 ex

462 3183 685 3232 quarum
723 3165 1044 3232 praescripto
1069 3181 1207 3215 mors
1232 3181 1295 3215 ex
1332 3163 1540 3231 aliquot
1564 3180 1823 3214 annorum
1849 3164 2070 3215 decursu
2093 3183 2201 3216 non
2223 3183 2370 3234 prae—

461 3252 704 3313 sumitur,
757 3251 847 3301 sed
894 3250 1106 3317 probari
1154 3249 1343 3300 debet:
1407 3248 1561 3300 Unde
1603 3247 1760 3298 Lucii
1803 3248 1896 3299 III
1939 3266 2183 3317 responso
2226 3249 2365 3320 (cap.

460 3333 742 3385 Dominus
769 3338 889 3397 ext„
913 3334 995 3385 De
1020 3334 1262 3385 secundis
1286 3332 1520 3401 nuptiis)
1545 3349 1577 3382 a
1605 3332 1726 3399 jure
1750 3334 2001 3384 canonico
2026 3338 2247 3385 cautum
2271 3340 2368 3399 est,

459 3424 492 3448 ‘⁶
509 3424 571 3468 ut
595 3419 772 3470 nullus
797 3420 987 3471 amodo
1013 3419 1082 3469 ad
1110 3420 1360 3470 secundas
1392 3419 1609 3485 nuptias
1634 3418 1857 3486 migrare
1882 3423 2183 3485 praesumat
2206 3420 2370 3472 donec

460 3508 683 3566 constet,
724 3505 866 3571 quod
902 3504 970 3554 ab
1007 3503 1107 3554 hac
1146 3502 1306 3573 (vita)
1348 3502 1658 3572 migraverit
1694 3503 1887 3570 conjux
1931 3503 2064 3570 ejus·
2133 3508 2168 3534 ‘⁶
2187 3503 2369 3565 Qualis

460 3594 641 3638 autem
690 3589 1063 3655 probationum
1119 3589 1257 3639 ratio
1315 3589 1558 3657 exigatur
1616 3604 1681 3638 ex
1741 3588 1950 3639 decreto
2014 3586 2159 3640 Cum
2221 3587 2368 3641 alias

461 3671 750 3723 Clementis
784 3673 873 3735 X.,
898 3674 1165 3741 perpetuis
1203 3674 1395 3725 futuris
1431 3674 1755 3742 temporibus
1779 3673 2024 3736 valiturO,
2049 3674 2175 3724 dato
2200 3674 2292 3725 fer.
2317 3693 2367 3737 v,

458 3759 526 3806 21
558 3757 806 3826 Augusti,
837 3757 993 3821 1670,
1032 3760 1088 3808 in
1131 3759 1426 3810 Bullatium
1466 3759 1767 3810 Romanum
1790 3759 1986 3809 inserto
2010 3759 2248 3822 habetur,
2273 3760 2368 3811 ubi
