2534 4374
389 370 522 430 384
1157 389 1398 432 Annmo
1443 390 1530 431 111.

385 532 642 583 dedecore
667 532 995 583 emendicare
1020 535 1291 598 cogantur,
1317 532 1386 581 ad
1411 531 1513 582 sibi
1538 531 1605 583 de
1637 534 1889 586 canonico
1925 535 2088 586 titulo
2123 537 2301 604 provi-

393 617 625 667 dendum
650 610 981 683 obligentur,
1019 617 1077 666 in
1102 616 1229 666 locis
1254 632 1375 666 vero
1399 616 1716 668 Missionum
1740 618 1846 686 ipsi
1871 620 2084 687 probare
2111 621 2300 672 saltem

394 707 659 764 tenentur,
685 701 785 751 sibi
824 705 1100 767 suppetere
1135 699 1330 763 media,
1363 700 1556 768 quibus
1593 703 1833 770 propriae
1870 704 2302 770 substentationi‚
2355 751 2358 753 ,

396 792 459 836 ut
482 803 578 854 par
600 791 698 850 est,
723 785 1018 836 consulant.

540 899 703 950 XIII.
755 898 859 959 Qui
883 899 1045 949 titulo
1070 903 1242 949 certae
1270 897 1497 967 alicujus
1520 899 1791 952 Missionis
1823 902 1892 952 ad
1925 902 2302 954 ecclesiasticos

396 984 619 1036 Ordines
644 985 1043 1048 adscenderunt,
1062 985 1156 1035 ubi
1174 985 1499 1036 Missionarii
1523 985 1758 1037 officium
1784 988 2103 1052 dimiserint,
2121 989 2303 1056 procul

396 1071 558 1121 dubio
596 1088 750 1121 suum
787 1072 1053 1121 amittunt
1076 1070 1322 1134 titulum,
1346 1087 1408 1121 ac
1432 1071 1499 1121 de
1523 1071 1629 1122 alio
1654 1071 1756 1122 sibi
1779 1073 2052 1139 providere
2076 1074 2304 1135 debent3

397 1158 440 1206 si
467 1173 585 1207 vero
610 1156 827 1207 alterius
859 1155 1126 1206 missionis
1163 1155 1377 1206 servitio
1401 1156 1741 1223 deputentur,
1766 1162 1830 1207 ut
1854 1157 2010 1225 hujus
2035 1158 2306 1209 Missionis

396 1242 622 1292 titulum
659 1247 949 1306 assumant,
973 1259 1111 1293 nova
1149 1259 1281 1310 opus
1320 1243 1423 1292 erit
1463 1241 1516 1293 S.
1545 1241 1695 1293 Sedis
1727 1244 2090 1312 concessione3
2135 1260 2307 1311 neque

394 1328 539 1377 enim
565 1329 640 1379 eis
665 1328 982 1398 suffragatur
1011 1327 1253 1390 facultas,
1279 1328 1324 1378 si
1363 1344 1525 1395 quam
1563 1327 1854 1378 obtinuerit
1890 1327 2005 1396 ejus
2043 1329 2308 1379 missionis

399 1413 724 1477 OrdinariUS,
748 1423 1038 1465 memorato
1062 1413 1227 1464 titulo
1254 1411 1479 1464 Clericos
1503 1412 1802 1464 ordinandi.

540 1529 691 1580 XIV.
742 1529 1008 1581 Ordinarii
1033 1530 1092 1579 in
1116 1527 1454 1579 missionibus
1480 1531 1704 1577 utantur
1728 1544 1884 1594 opera
1907 1527 2120 1578 illorum
2144 1529 2309 1579 etiam

400 1615 747 1678 sacerdotum,
771 1615 866 1681 qui
905 1614 1025 1665 aliis
1064 1613 1243 1664 titulis
1281 1613 1349 1663 ad
1388 1629 1556 1663 sacros
1582 1610 1805 1663 Ordines
1834 1613 2052 1663 admissi
2077 1614 2310 1676 fuerunt,

400 1699 616 1749 servatis
642 1700 707 1749 de
735 1699 858 1766 jure
883 1699 1148 1750 servandis
1168 1716 1184 1760 3
1232 1715 1404 1766 neque
1429 1700 1573 1749 enim
1598 1699 1702 1766 ipsi
1727 1704 1949 1766 possunt
1972 1716 2059 1750 eos
2083 1699 2312 1750 adstrin-

392 1801 520 1852 gere
545 1785 613 1835 ad
638 1785 863 1834 titulum
900 1784 1166 1835 missionis
1204 1784 1611 1853 subrogandum.
1685 1783 1827 1845 Quin
1863 1785 2031 1834 immo
2068 1783 2312 1836 hortatur

403 1871 457 1921 S.
485 1869 835 1939 Congregat-io
862 1867 1182 1932 OrdinariOS,
1204 1873 1269 1920 ut
1291 1874 1555 1936 quantum
1579 1868 1694 1920 fieri
1736 1874 1931 1937 potest,
1969 1870 2063 1920 alii
2103 1886 2312 1938 quoque

401 1956 635 2024 legitimi
659 1954 812 2005 tituli
837 1971 931 2022 pro
957 1971 1099 2004 sacra
1125 1953 1471 2005 Ordinatione
1496 1954 1916 2007 introducantur.

546 2066 664 2117 XV.
712 2065 950 2116 Tandem
976 2064 1133 2116 Sacra
1159 2063 1510 2134 Congregatio
1535 2065 1958 2118 animadvertens
1983 2068 2311 2118 incremento

403 2152 719 2202 Missionum
758 2150 1053 2218 plurimum
1092 2167 1242 2218 posse
1279 2151 1584 2214 conducere,
1611 2151 1655 2201 si
1688 2152 1782 2218 qui
1821 2152 1879 2202 in
1918 2151 2165 2221 Collegiis
2205 2153 2315 2204 sive

407 2237 712 2289 Seminariis
760 2236 1038 2303 utriusque
1089 2234 1244 2300 Cleri,
1294 2236 1559 2305 evangelii
1618 2252 1899 2304 praecones
1959 2254 2083 2288 mox
2146 2238 2314 2289 futuri

403 2322 616 2373 educati
642 2326 782 2386 sunt,
807 2321 891 2372 vel
915 2322 1011 2389 qui
1035 2321 1201 2372 titulo
1224 2321 1497 2371 Missionis
1533 2320 1602 2371 ad
1627 2319 1850 2372 Ordines
1886 2322 2030 2373 fuere
2065 2323 2314 2390 promoti,

406 2409 584 2458 animo
626 2407 922 2457 identidem
960 2407 1196 2458 recolant
1228 2406 1625 2475 jusjurandum,
1662 2423 1766 2474 quo
1805 2424 1859 2458 se
1901 2408 2313 2470 obstrinxerunt,

400 2493 719 2560 cooperandi
742 2492 856 2543 Deo
880 2492 939 2542 in
965 2492 1193 2542 salutem
1217 2492 1516 2542 animarum
1537 2508 1552 2551 3
1587 2508 1674 2542 eos
1697 2490 1956 2555 hortatur,
1981 2498 2045 2543 ut
2068 2494 2126 2543 in
2150 2509 2314 2544 annos

409 2578 643 2647 singulos
690 2577 1043 2628 anniversaria
1091 2577 1180 2628 die
1227 2575 1473 2644 praestiti
1524 2576 1823 2644 juramenti
1881 2577 2019 2628 illud
2079 2582 2315 2645 repetere

408 2667 611 2726 curent,
652 2662 783 2713 serio
826 2663 1149 2713 meditantes
1187 2662 1426 2713 divinam
1467 2679 1590 2731 erga
1629 2679 1683 2713 se
1720 2662 2018 2714 bonitatem
2057 2680 2190 2730 quae
2229 2680 2315 2715 eos

410 2748 693 2800 constituit
722 2747 877 2798 Verbi
903 2746 1173 2798 ministros
1197 2747 1263 2797 ad
1297 2748 1665 2798 annuntianda
1701 2748 1969 2798 mirabilia
2001 2749 2218 2799 virtutis
2253 2765 2314 2799 ac

411 2834 682 2903 potentiae
701 2849 854 2892 suae3
891 2848 1053 2899 quam
1077 2832 1526 2883 immarcescibilis
1550 2832 1747 2901 gloriae
1765 2849 1953 2882 corona
1972 2833 2047 2883 eis
2071 2833 2131 2882 in
2155 2833 2314 2884 coelis

411 2924 595 2988 parata.
636 2919 724 2980 sit,
769 2918 812 2968 si
852 2917 1086 2968 officium
1135 2934 1290 2967 suum
1335 2922 1512 2968 sancte
1560 2918 1932 2986 impleverint3
1982 2935 2264 2985 quamquev
2286 2936 2315 2968 e

413 3010 596 3057 contra
633 3003 936 3054 districtum
979 3006 1195 3052 maneat
1227 3002 1514 3069 judicium,
1540 3004 1585 3054 si
1619 3003 1951 3072 negligentia
1974 3002 2058 3053 vel
2083 3004 2315 3054 socordia

415 3110 525 3155 sua,
562 3090 703 3159 quod
745 3089 904 3151 absit,
938 3105 1258 3156 quemquam
1300 3090 1468 3155 perire
1506 3089 1806 3157 contigerit.
1880 3088 1946 3139 Id
1988 3093 2186 3150 autem,
2210 3105 2316 3156 quo

415 3176 711 3245 promptius
754 3178 810 3225 et
851 3173 1074 3224 alacrius
1114 3177 1400 3240 praestent,
1442 3175 1686 3224 noverint
1729 3191 1770 3224 s·
1808 3191 1881 3225 m.
1919 3173 2079 3223 Pium
2122 3173 2219 3224 VI.
2257 3175 2312 3223 in

415 3260 690 3314 audientia
714 3260 822 3310 diei
849 3257 879 3310 7
906 3258 1043 3309 Maii
1071 3257 1208 3310 1775
1234 3259 1523 3326 unicuique
1554 3259 1769 3309 illorum
1805 3259 2095 3326 plenariam
2135 3259 2313 3308 indul-

417 3349 673 3418 gentiam,
698 3345 975 3396 animabus
999 3361 1206 3412 quoque
1238 3345 1297 3394 in
1322 3343 1634 3410 Purgatorio
1658 3343 1888 3394 detentis
1925 3343 2314 3410 applicabilem‚

417 3439 473 3484 et
496 3431 763 3500 perpetuis
788 3429 1073 3480 valituram
1097 3428 1422 3496 temporibus
1451 3428 1788 3494 impertitum
1814 3427 1990 3489 fuisse,
2015 3443 2121 3478 non
2146 3427 2313 3478 solum

417 3536 542 3570 cum
588 3517 920 3585 praedictum
961 3515 1328 3582 juramentum
1376 3513 1547 3580 primo
1594 3511 1881 3574 emiserint,
1925 3528 2107 3561 verum
2151 3514 2314 3562 etiam

416 3621 538 3655 cum
567 3601 702 3652 illud
731 3604 878 3654 stato
893 3600 1013 3667 jam
1038 3599 1124 3650 die
1147 3598 1529 3660 renovaverint,
1553 3596 1838 3647 dummodo
1862 3596 1918 3646 in
1943 3601 2167 3663 utroque
2191 3614 2314 3647 casu
