2534 4374
923 482 1171 526 APPEND.
1218 482 1319 541 1v.,
1363 482 1419 527 v.
2030 471 2104 526 55

1108 788 1229 852 IV.

604 969 708 1024 DE
761 968 1123 1025 CAPITULO
1180 969 1732 1025 PLYMUTHENSI.

716 1133 844 1176 DEC.
880 1135 925 1175 S.
961 1134 1122 1176 CONG.
1159 1134 1234 1174 DE
1268 1134 1420 1175 PROP.
1459 1135 1606 1175 FIDE.

360 1268 497 1326 Cum
510 1271 570 1324 in
589 1273 847 1325 erectione
859 1271 1096 1341 Capituli
1106 1271 1432 1325 Cathedralis
1449 1274 1711 1327 Ecclesiae
1722 1274 2114 1345 Plymuthensis

208 1357 371 1426 juxta
405 1358 638 1410 Litteras
676 1357 1004 1426 Apostolicas
1035 1357 1366 1410 sanctissimi
1389 1358 1605 1411 Domini
1631 1360 1829 1424 Nostri,
1853 1363 2003 1414 datas
2028 1364 2114 1414 die

222 1445 287 1495 19
330 1442 642 1494 Novembris
679 1443 808 1493 anni
855 1444 1011 1505 1850,
1049 1443 1388 1495 difficultates
1430 1461 1693 1496 occurrere
1730 1448 1934 1514 possint
1975 1448 2112 1515 quod

216 1530 404 1580 statim
451 1527 694 1578 canonici
741 1544 803 1579 eo
849 1544 1068 1579 numero
1116 1528 1259 1579 haud
1298 1529 1510 1580 valeant
1551 1531 1822 1594 constitui,
1864 1540 2020 1599 prout
2059 1533 2113 1582 in

215 1613 521 1664 memoratis
567 1612 763 1664 litteris
821 1612 1128 1680 praefinitus
1187 1615 1482 1681 reperitur3
1550 1613 1604 1666 S.
1655 1613 2003 1685 Congregatio
2051 1618 2116 1668 de

216 1697 567 1766 Propaganda
602 1696 758 1760 Fide,
793 1697 851 1747 in
876 1698 1109 1767 generali
1145 1703 1410 1749 conventu
1434 1699 1543 1750 diei
1580 1702 1612 1751 5
1638 1699 1834 1767 Aprilis
1864 1703 2018 1764 1852,
2054 1717 2115 1752 ex

217 1790 343 1837 voto
362 1782 788 1835 Eminentissimi
806 1798 867 1833 ac
887 1782 1330 1834 Reverendissimi
1344 1783 1410 1834 D.
1421 1783 1813 1853 Archiepiscopi
1821 1785 2118 1837 Westmon-

214 1869 515 1922 asteriensis
574 1884 637 1918 ac
684 1866 801 1918 RR.
850 1866 961 1917 PP.
1011 1866 1127 1919 DD.
1189 1867 1413 1937 Angliae
1464 1868 1864 1937 Episcoporum,
1912 1873 2117 1922 censuit

216 1945 626 2023 supplicandum
675 1951 1035 2015 sanctissimo,
1079 1956 1161 2015 ut,
1209 1952 1361 2004 firma
1408 1954 1466 2004 in
1514 1954 1728 2022 reliquis
1776 1955 2117 2023 dispositione

216 2040 389 2092 brevis
442 2041 765 2099 remanente,
809 2035 1119 2105 Capitulum
1170 2038 1550 2107 Plymuthense
1604 2041 1852 2109 erigatur,
1907 2041 2116 2092 etiamsi

214 2125 565 2194 praestitutus
600 2122 971 2174 canonicorum
994 2139 1244 2174 numerus
1267 2123 1412 2175 haud
1441 2125 1627 2175 statim
1651 2125 1902 2192 compleri
1927 2126 2115 2175 valeat.

362 2208 518 2260 Hanc
541 2224 662 2259 vero
687 2206 741 2259 S.
765 2205 822 2259 C.
842 2209 1162 2259 sententiam
1187 2207 1532 2260 Sanctissimo
1556 2209 1785 2261 Domino
1808 2210 2000 2262 Nostro
2019 2210 2117 2261 Pio

217 2293 396 2362 Papae
420 2292 523 2345 IX.
546 2292 616 2344 ab
637 2291 970 2360 infiascripto
994 2293 1269 2344 secretario
1291 2293 1511 2345 relatam
1534 2294 1594 2344 in
1630 2294 1902 2346 audientia
1937 2295 2043 2345 diei
2083 2296 2114 2346 6

216 2378 456 2448 ejusdem
502 2378 697 2430 mensis
743 2381 800 2429 et
845 2378 991 2441 anni,
1041 2376 1309 2430 Sanctitas
1356 2395 1451 2430 sua
1498 2380 1726 2449 benigne
1773 2380 1832 2431 in
1874 2380 2114 2431 omnibus

216 2458 479 2533 probavit,
502 2462 778 2514 contrariis
801 2463 1200 2531 quibuscunque
1224 2479 1331 2515 non
1355 2464 1702 2516 obstantibus·

362 2548 583 2612 Datum,
607 2551 729 2613 etc.,
754 2548 820 2601 21
848 2547 1062 2617 Aprilis,
1091 2549 1247 2601 1852.

1262 2632 1348 2686 Al.
1385 2632 1666 2699 BARNABo,
1701 2629 2052 2688 Secretarius.

1126 2889 1209 2952 V.

272 3038 373 3093 DE
433 3037 791 3094 CAPITULO
851 3037 1381 3092 NEWPORTENSI
1440 3037 1534 3090 ET
1591 3038 2067 3093 MENEVIENSI.

721 3180 845 3221 ΠΕΟ.
882 3181 927 3220 S.
966 3180 1131 3220 CONG.
1167 3179 1244 3218 DE
1278 3178 1432 3218 PROP.
1470 3178 1617 3216 an.

364 3299 501 3355 Cum
523 3304 797 3370 perspecta
825 3299 1057 3351 existant
1081 3298 1369 3368 singularia
1400 3297 1591 3348 merita
1633 3295 1921 3348 Monastici
1961 3298 2113 3349 Ordi-

218 3385 304 3438 nis
329 3384 383 3438 S.
409 3386 687 3438 Benedicti
710 3386 884 3454 quoad
907 3384 1341 3453 propagationem
1362 3380 1688 3434 Christianae
1712 3381 2004 3450 Religionis
2022 3399 2114 3450 per

218 3470 489 3541 Angliam,
535 3472 668 3523 adeo
714 3476 780 3523 ut
825 3469 1121 3539 privilegiis
1164 3466 1517 3536 singularibus
1550 3465 1764 3533 jamdiu
1811 3468 1869 3516 in
1917 3467 2112 3518 bonum

218 3553 487 3608 Ecclesiae
509 3555 655 3607 illius
680 3555 1005 3607 Institutum
1029 3554 1174 3605 istud
1203 3550 1437 3603 exornari
1479 3550 1762 3610 meruerit;
1798 3567 1921 3600 cum
1958 3552 2113 3602 modo

218 3639 384 3690 etiam
425 3641 760 3710 congregatio
802 3637 1347 3709 Anglo-Benedictina
1393 3636 1452 3686 in
1500 3650 1561 3685 ea
1609 3634 1680 3685 sit
1722 3634 2015 3699 voluntate,
2050 3642 2114 3687 ut

221 3739 370 3774 suam
395 3741 606 3792 operam
630 3725 688 3775 in
711 3724 910 3776 bonum
948 3722 1213 3774 Ecclesiae
1249 3720 1299 3771 N
1303 3719 1634 3788 ewportensis
1669 3722 1725 3769 et
1762 3718 2113 3771 Meneviensis
