2534 4374
509 484 636 542 422
995 526 998 530 -
1281 498 1524 543 Anm'no
1565 499 1623 544 x.

506 654 705 714 menta,
730 654 1002 719 propterea
1034 649 1176 702 Effii.
1202 667 1264 701 ac
1301 651 1444 703 Rffii.
1478 652 1662 704 Patres
1697 654 1883 707 Sacrae
1918 656 2078 724 hujus
2116 655 2409 727 Congrega-

507 736 670 788 tionis
718 737 776 787 in
814 735 1145 804 generalibus
1195 737 1428 788 comitiis
1471 737 1668 789 habitis
1711 739 1799 790 die
1842 742 1928 792 21.
1973 740 2009 792 J
2010 742 2215 792 anuarii
2250 740 2410 810 hujus

505 821 634 869 anni
659 821 903 888 expedire
927 825 1258 884 censuerunt,
1285 826 1350 872 ut
1373 822 1432 872 in
1456 823 1767 874 memoriam
1791 829 2153 877 revocarentur
2176 825 2411 893 praedic-

507 912 682 957 torum
693 907 1000 958 Praesulum
1016 909 1298 959 canonicae
1314 910 1606 961 sanctiones
1615 911 1752 961 circa
1762 911 2039 964 Pastorum
2052 912 2411 977 residentiam,

506 1009 603 1042 nec
627 1009 734 1043 non
758 991 979 1043 Decreta
1003 1010 1137 1061 quae
1162 995 1298 1045 circa
1321 995 1366 1063 ej
1374 995 1559 1046 usdem
1579 995 1964 1063 obligationem
1989 998 2135 1049 edita
2159 1002 2286 1049 sunt
2316 1014 2412 1065 pro

507 1077 636 1127 locis
673 1076 1011 1142 Missionum,
1049 1095 1118 1129 ne
1150 1075 1270 1147 quis
1301 1079 1550 1131 videlicet
1581 1081 1639 1131 in
1678 1085 1948 1149 posterum
1983 1082 2281 1134 Dioecesim
2316 1088 2413 1133 aut

508 1161 824 1212 Districtum
858 1164 945 1214 cui
976 1169 1184 1231 praeest
1215 1164 1299 1215 vel
1333 1165 1403 1216 ad
1434 1170 1645 1234 tempus
1681 1166 1946 1235 relinquat
1979 1168 2174 1236 absque
2201 1167 2413 1235 praevia

507 1246 727 1296 licentia
750 1247 988 1314 ejusdem
1026 1247 1080 1299 S.
1108 1247 1558 1318 Congregationis.
1632 1250 1784 1312 Quod
1808 1252 2023 1320 quidem
2050 1253 2182 1303 dum
2206 1251 2413 1319 Ampli-

509 1332 687 1382 tudini
723 1337 849 1384 tuae
882 1333 1123 1403 significo
1159 1352 1224 1385 ex
1265 1339 1444 1386 mente
1483 1335 1755 1388 Effiorum.
1789 1336 2031 1400 Patrum,
2068 1337 2308 1400 Decreta,
2345 1337 2412 1387 de

509 1416 701 1482 quibus
725 1433 895 1484 supra,
915 1418 1104 1469 addere
1127 1435 1234 1469 non
1258 1419 1662 1486 praetermitto.1

654 1566 931 1616 Praeterea
945 1565 1087 1617 Effii.
1103 1583 1165 1616 ac
1180 1565 1323 1617 Rffii.
1341 1566 1525 1618 Patres
1539 1568 1597 1617 in
1620 1568 1809 1618 iisdem
1826 1568 2158 1635 generalibus
2182 1568 2414 1619 comitiis

511 1656 831 1713 statuerunt,
855 1655 919 1701 ut
954 1650 1209 1702 universis
1244 1649 1540 1719 Episcopis,
1565 1652 1808 1715 VicariiS,
1832 1669 1895 1703 ac
1928 1652 2214 1704 Praefectis
2250 1653 2415 1720 Apos-

511 1736 687 1786 tolicis
734 1735 1052 1786 Missionum
1117 1734 1475 1800 Quaestioncs
1535 1737 1969 1789 transmittantur
2027 1755 2121 1805 pro
2161 1725 2415 1790 relatione

509 1821 807 1871 exhibenda
844 1820 1031 1872 Sacrae
1069 1821 1479 1889 Congregationi
1516 1822 1582 1872 de
1619 1825 1766 1872 statu
1802 1821 2135 1873 Dioecesium
2160 1822 2246 1874 vel
2281 1821 2415 1872 Mis-

511 1906 721 1956 sionum
764 1907 913 1973 queis
955 1913 1222 1972 praesunt.
1298 1904 1435 1957 Cum
1472 1906 1618 1957 enim
1659 1907 1702 1956 ii
1739 1923 1918 1958 omnes
1942 1908 2035 1975 qui
2071 1907 2414 1958 Missionibus
2477 1972 2479 1975 .

513 1991 888 2058 praeficiuntur
911 1991 1238 2058 praedictam
1262 1991 1574 2042 relationem
1610 1992 1766 2041 statis
1801 1992 2126 2060 temporibus
2160 1992 2415 2060 subjicere

514 2075 569 2127 S.
597 2075 722 2127 Sedi
746 2081 1044 2139 teneantur,
1069 2076 1241 2126 voluit
1265 2075 1483 2127 Sacrum
1509 2074 1802 2127 Consilium
1826 2081 1892 2126 ut
1915 2094 2034 2128 eam
2057 2077 2115 2127 in
2145 2081 2414 2145 posterum

512 2163 826 2231 exigendam
851 2166 1037 2212 curent
1061 2162 1129 2213 ad
1153 2178 1393 2213 normam
1424 2164 1510 2214 55.
1538 2161 1916 2222 Quaestionum
1950 2179 2084 2230 quae
2118 2163 2178 2213 in
2209 2161 2415 2230 adjecto

512 2247 639 2297 folio
688 2247 1027 2297 eontinentur
1046 2246 1084 2310 2,
1145 2250 1313 2313 utque
1360 2247 1420 2297 in
1478 2247 1547 2297 iis
1606 2248 1913 2314 praesertim
1964 2247 2308 2298 accuratiores
2362 2263 2415 2297 se

513 2332 813 2400 praebeant,
832 2348 966 2399 quae
989 2332 1058 2383 ad
1100 2331 1288 2395 vitam,
1315 2331 1645 2385 honestatem
1676 2322 1738 2383 ac
1775 2333 2053 2383 scientiam
2085 2331 2414 2384 sacerdotum

513 2419 823 2469 referuntur.

658 2561 898 2629 Denique
937 2579 1060 2612 cum
1095 2563 1420 2629 experientia
1457 2566 1785 2631 compertum
1821 2564 1894 2614 sit
1924 2562 2098 2630 plures
2128 2577 2193 2612 ex
2216 2560 2415 2611 adoles-

514 2646 756 2699 centibus
804 2646 898 2710 qui
960 2645 1185 2698 Romam
1233 2647 1544 2710 mittuntur,
1593 2650 1658 2697 ut
1706 2647 1846 2697 inter
1892 2645 2148 2696 Alumnos
2192 2642 2414 2712 Collegii

519 2731 720 2783 Urbani
750 2735 1079 2798 cooptentur,
1116 2730 1278 2781 finem
1313 2731 1371 2781 in
1407 2747 1567 2798 quem
1603 2731 1961 2781 instituuntur
1991 2745 2099 2779 non
2133 2729 2414 2796 attingere,

514 2816 661 2889 quod
682 2815 765 2865 vel
790 2815 1141 2865 ecclesiastica
1164 2815 1439 2866 vocatione
1463 2815 1547 2865 vel
1571 2814 1723 2866 firma
1748 2814 1972 2882 corporis
1996 2813 2302 2864 valetudine
2319 2816 2415 2863 aut

514 2905 729 2972 ingenio
787 2904 855 2953 ad
916 2903 1162 2954 scientias
1211 2903 1551 2954 addiscendas
1599 2903 1787 2954 idoneo
1848 2902 2224 2964 destituantur,
2272 2901 2412 2953 Effii.

519 2989 700 3039 Patres
771 2987 1027 3038 universis
1102 2986 1467 3053 Superioribus
1538 2986 1855 3037 Missionum
1933 2986 2072 3035 tradi
2135 2985 2414 3036 voluerunt

519 3073 896 3141 Prospectum,
974 3076 1038 3121 ut
1122 3088 1244 3121 cum
1319 3071 1596 3122 licentiam
1668 3088 1700 3120 a
1773 3069 1928 3121 Sacra
2000 3068 2414 3139 Congregatione

517 3160 848 3212 obtinuerint
912 3159 1263 3223 adolescentes
1329 3158 1397 3209 ad
1452 3157 1747 3227 Collegium
1809 3157 2081 3208 Urbanum
2141 3156 2414 3218 mittendi,

519 3247 761 3297 noverint
803 3244 995 3312 quibus
1038 3243 1250 3294 dotibus
1281 3243 1337 3292 hi
1377 3246 1635 3309 praestare
1661 3243 1903 3305 debeant,
1927 3259 1993 3292 ne
2026 3259 2172 3293 secus
2207 3242 2320 3305 fiat,
2348 3246 2413 3292 ut

520 3351 583 3382 ex
612 3330 919 3399 ingentibus
956 3329 1194 3396 expensis
1231 3328 1289 3377 in
1325 3328 1537 3379 illorum
1568 3328 1880 3378 educatione
1906 3329 2177 3396 erogandis
2204 3327 2409 3378 nullam

518 3417 755 3467 Ecclesia
782 3415 1038 3484 percipiat
1071 3413 1385 3476 utilitatem,
1427 3430 1488 3463 ac
1530 3412 1910 3481 pulcherrimae
1944 3414 2261 3464 Missionum
2298 3430 2411 3480 spes

517 3505 574 3553 in
618 3502 828 3552 irritum
868 3501 1076 3550 cadant.
1150 3498 1298 3549 Haec
1334 3497 1694 3565 Amplitudini
1732 3503 1856 3548 tuae
1898 3515 1992 3565 pro
2032 3498 2140 3549 mei
2178 3499 2410 3548 *muneris

635 3669 663 3701 -¹
696 3669 807 3709 Vide
833 3668 947 3708 infra
973 3682 1015 3720 p.
1046 3670 1138 3707 423.

648 3736 666 3759 ²
697 3736 780 3776 Pro
807 3734 1120 3786 quaestionibus
1147 3733 1198 3774 de
1225 3733 1378 3785 quibus
1403 3733 1474 3773 hic
1499 3733 1655 3785 agitur,
1686 3733 1783 3773 vide
1811 3745 1936 3785 supra
1961 3745 2035 3785 pp.
2059 3732 2253 3775 124-127.
