<?xml version="1.0" encoding="UTF-8"?>
<!DOCTYPE html PUBLIC "-//W3C//DTD XHTML 1.0 Transitional//EN"
    "http://www.w3.org/TR/xhtml1/DTD/xhtml1-transitional.dtd">
<html xmlns="http://www.w3.org/1999/xhtml" xml:lang="en" lang="en">
 <head>
  <title>
</title>
<meta http-equiv="Content-Type" content="text/html;charset=utf-8" />
  <meta name='ocr-system' content='tesseract 3.04.00' />
  <meta name='ocr-capabilities' content='ocr_page ocr_carea ocr_par ocr_line ocrx_word'/>
</head>
<body>
  <div class='ocr_page' id='page_1' title='image "a613744800cathuoft_0255.png"; bbox 0 0 2534 4374; ppageno 0'>
   <div class='ocr_carea' id='block_1_1' title="bbox 965 473 2079 529">
    <p class='ocr_par' dir='ltr' id='par_1_1' title="bbox 965 473 2079 529">
     <span class='ocr_line' id='line_1_1' title="bbox 965 473 2079 529; baseline 0.006 -8"><span class='ocrx_word' id='word_1_1' title='bbox 965 481 1237 523; x_wconf 64' lang='lat' dir='ltr'>osonum.</span> <span class='ocrx_word' id='word_1_2' title='bbox 1959 473 2079 529; x_wconf 76' lang='lat'>237</span> 
     </span>
    </p>
   </div>
   <div class='ocr_carea' id='block_1_2' title="bbox 184 604 2094 2766">
    <p class='ocr_par' dir='ltr' id='par_1_2' title="bbox 184 604 2093 1360">
     <span class='ocr_line' id='line_1_2' title="bbox 185 604 2089 696; baseline 0.003 -18"><span class='ocrx_word' id='word_1_3' title='bbox 185 643 307 696; x_wconf 86' lang='lat' dir='ltr'>ergo</span> <span class='ocrx_word' id='word_1_4' title='bbox 342 625 640 676; x_wconf 89' lang='lat' dir='ltr'>animarum</span> <span class='ocrx_word' id='word_1_5' title='bbox 679 626 974 678; x_wconf 74' lang='lat' dir='ltr'>moderator</span> <span class='ocrx_word' id='word_1_6' title='bbox 1011 604 1334 680; x_wconf 66' lang='lat' dir='ltr'>ascensiones</span> <span class='ocrx_word' id='word_1_7' title='bbox 1371 630 1539 682; x_wconf 88' lang='lat' dir='ltr'>cordis</span> <span class='ocrx_word' id='word_1_8' title='bbox 1572 632 1639 683; x_wconf 89' lang='lat' dir='ltr'>ad</span> <span class='ocrx_word' id='word_1_9' title='bbox 1674 630 1864 694; x_wconf 92' lang='lat' dir='ltr'>Deum,</span> <span class='ocrx_word' id='word_1_10' title='bbox 1891 650 2089 683; x_wconf 82' lang='lat' dir='ltr'>necnon</span> 
     </span>
     <span class='ocr_line' id='line_1_3' title="bbox 184 710 2091 785; baseline 0.003 -22"><span class='ocrx_word' id='word_1_11' title='bbox 184 710 434 763; x_wconf 84' lang='lat' dir='ltr'>orationis</span> <span class='ocrx_word' id='word_1_12' title='bbox 458 710 742 777; x_wconf 88' lang='lat' dir='ltr'>profectus,</span> <span class='ocrx_word' id='word_1_13' title='bbox 767 712 990 763; x_wconf 88' lang='lat' dir='ltr'>scientia</span> <span class='ocrx_word' id='word_1_14' title='bbox 1023 712 1232 777; x_wconf 86' lang='lat' dir='ltr'>saltem,</span> <span class='ocrx_word' id='word_1_15' title='bbox 1266 715 1431 766; x_wconf 89' lang='lat' dir='ltr'>etiam</span> <span class='ocrx_word' id='word_1_16' title='bbox 1468 716 1513 766; x_wconf 84' lang='lat' dir='ltr'>si</span> <span class='ocrx_word' id='word_1_17' title='bbox 1551 732 1656 767; x_wconf 89' lang='lat' dir='ltr'>non</span> <span class='ocrx_word' id='word_1_18' title='bbox 1694 718 1901 784; x_wconf 85' lang='lat' dir='ltr'>propria</span> <span class='ocrx_word' id='word_1_19' title='bbox 1938 736 2091 785; x_wconf 80' lang='lat' dir='ltr'>expe-</span> 
     </span>
     <span class='ocr_line' id='line_1_4' title="bbox 184 794 2092 870; baseline 0.003 -22"><span class='ocrx_word' id='word_1_20' title='bbox 184 796 394 857; x_wconf 89' lang='lat' dir='ltr'>rientia,</span> <span class='ocrx_word' id='word_1_21' title='bbox 418 794 499 845; x_wconf 90' lang='lat' dir='ltr'>ita</span> <span class='ocrx_word' id='word_1_22' title='bbox 532 811 806 862; x_wconf 81' lang='lat' dir='ltr'>agnoscere</span> <span class='ocrx_word' id='word_1_23' title='bbox 843 801 900 848; x_wconf 89' lang='lat' dir='ltr'>et</span> <span class='ocrx_word' id='word_1_24' title='bbox 931 798 1138 862; x_wconf 91' lang='lat' dir='ltr'>callere,</span> <span class='ocrx_word' id='word_1_25' title='bbox 1172 804 1236 850; x_wconf 91' lang='lat' dir='ltr'>ut</span> <span class='ocrx_word' id='word_1_26' title='bbox 1263 800 1579 868; x_wconf 81' lang='lat' dir='ltr'>incipientes</span> <span class='ocrx_word' id='word_1_27' title='bbox 1619 802 1675 853; x_wconf 92' lang='lat' dir='ltr'>in</span> <span class='ocrx_word' id='word_1_28' title='bbox 1703 803 1787 853; x_wconf 86' lang='lat' dir='ltr'>via</span> <span class='ocrx_word' id='word_1_29' title='bbox 1814 804 2092 870; x_wconf 78' lang='lat' dir='ltr'>purgativa</span> 
     </span>
     <span class='ocr_line' id='line_1_5' title="bbox 185 879 2090 956; baseline 0.002 -23"><span class='ocrx_word' id='word_1_30' title='bbox 185 881 507 934; x_wconf 87' lang='lat' dir='ltr'>corroborare</span> <span class='ocrx_word' id='word_1_31' title='bbox 556 879 749 943; x_wconf 88' lang='lat' dir='ltr'>valeat,</span> <span class='ocrx_word' id='word_1_32' title='bbox 797 882 1129 948; x_wconf 89' lang='lat' dir='ltr'>proficientes</span> <span class='ocrx_word' id='word_1_33' title='bbox 1179 885 1234 935; x_wconf 92' lang='lat' dir='ltr'>in</span> <span class='ocrx_word' id='word_1_34' title='bbox 1288 886 1375 936; x_wconf 89' lang='lat' dir='ltr'>via</span> <span class='ocrx_word' id='word_1_35' title='bbox 1432 886 1791 939; x_wconf 83' lang='lat' dir='ltr'>illuminativa</span> <span class='ocrx_word' id='word_1_36' title='bbox 1848 890 2090 956; x_wconf 76' lang='lat' dir='ltr'>dirigere,</span> 
     </span>
     <span class='ocr_line' id='line_1_6' title="bbox 186 965 2088 1036; baseline 0.003 -18"><span class='ocrx_word' id='word_1_37' title='bbox 186 966 517 1036; x_wconf 74' lang='lat' dir='ltr'>perfectiores</span> <span class='ocrx_word' id='word_1_38' title='bbox 559 965 617 1015; x_wconf 92' lang='lat' dir='ltr'>in</span> <span class='ocrx_word' id='word_1_39' title='bbox 660 965 747 1016; x_wconf 89' lang='lat' dir='ltr'>via</span> <span class='ocrx_word' id='word_1_40' title='bbox 790 967 1001 1019; x_wconf 87' lang='lat' dir='ltr'>unitiva</span> <span class='ocrx_word' id='word_1_41' title='bbox 1042 970 1110 1019; x_wconf 89' lang='lat' dir='ltr'>ad</span> <span class='ocrx_word' id='word_1_42' title='bbox 1153 970 1341 1022; x_wconf 86' lang='lat' dir='ltr'>altiora</span> <span class='ocrx_word' id='word_1_43' title='bbox 1384 974 1749 1025; x_wconf 83' lang='lat' dir='ltr'>manuducere.</span> <span class='ocrx_word' id='word_1_44' title='bbox 1838 975 1902 1025; x_wconf 94' lang='lat' dir='ltr'>In</span> <span class='ocrx_word' id='word_1_45' title='bbox 1946 975 2088 1024; x_wconf 86' lang='lat' dir='ltr'>omni</span> 
     </span>
     <span class='ocr_line' id='line_1_7' title="bbox 186 1051 2092 1122; baseline 0.003 -18"><span class='ocrx_word' id='word_1_46' title='bbox 186 1051 386 1104; x_wconf 91' lang='lat' dir='ltr'>etenim</span> <span class='ocrx_word' id='word_1_47' title='bbox 423 1068 580 1120; x_wconf 87' lang='lat' dir='ltr'>grege</span> <span class='ocrx_word' id='word_1_48' title='bbox 620 1056 745 1102; x_wconf 92' lang='lat' dir='ltr'>sunt</span> <span class='ocrx_word' id='word_1_49' title='bbox 781 1053 892 1119; x_wconf 90' lang='lat' dir='ltr'>qui,</span> <span class='ocrx_word' id='word_1_50' title='bbox 925 1054 993 1104; x_wconf 89' lang='lat' dir='ltr'>ad</span> <span class='ocrx_word' id='word_1_51' title='bbox 1032 1055 1200 1107; x_wconf 87' lang='lat' dir='ltr'>vitam</span> <span class='ocrx_word' id='word_1_52' title='bbox 1240 1058 1578 1110; x_wconf 88' lang='lat' dir='ltr'>consiliorum</span> <span class='ocrx_word' id='word_1_53' title='bbox 1614 1077 1647 1111; x_wconf 87' lang='lat' dir='ltr'>a</span> <span class='ocrx_word' id='word_1_54' title='bbox 1683 1059 1794 1111; x_wconf 88' lang='lat' dir='ltr'>Deo</span> <span class='ocrx_word' id='word_1_55' title='bbox 1830 1062 2020 1122; x_wconf 88' lang='lat' dir='ltr'>vocati,</span> <span class='ocrx_word' id='word_1_56' title='bbox 2059 1077 2092 1110; x_wconf 87' lang='lat' dir='ltr'>a</span> 
     </span>
     <span class='ocr_line' id='line_1_8' title="bbox 186 1136 2092 1212; baseline 0.003 -23"><span class='ocrx_word' id='word_1_57' title='bbox 186 1137 340 1189; x_wconf 87' lang='lat' dir='ltr'>labiis</span> <span class='ocrx_word' id='word_1_58' title='bbox 383 1136 665 1187; x_wconf 87' lang='lat' dir='ltr'>sacerdotis</span> <span class='ocrx_word' id='word_1_59' title='bbox 708 1137 852 1187; x_wconf 86' lang='lat' dir='ltr'>vitae</span> <span class='ocrx_word' id='word_1_60' title='bbox 894 1138 1187 1205; x_wconf 84' lang='lat' dir='ltr'>spiritualis</span> <span class='ocrx_word' id='word_1_61' title='bbox 1231 1142 1510 1194; x_wconf 87' lang='lat' dir='ltr'>scientiam</span> <span class='ocrx_word' id='word_1_62' title='bbox 1554 1145 1850 1212; x_wconf 84' lang='lat' dir='ltr'>exquirant.</span> <span class='ocrx_word' id='word_1_63' title='bbox 1939 1144 2092 1194; x_wconf 85' lang='lat' dir='ltr'>Sata-</span> 
     </span>
     <span class='ocr_line' id='line_1_9' title="bbox 184 1222 2093 1302; baseline 0.003 -29"><span class='ocrx_word' id='word_1_64' title='bbox 184 1240 373 1290; x_wconf 86' lang='lat' dir='ltr'>gamus</span> <span class='ocrx_word' id='word_1_65' title='bbox 420 1222 589 1289; x_wconf 90' lang='lat' dir='ltr'>igitur</span> <span class='ocrx_word' id='word_1_66' title='bbox 637 1238 722 1283; x_wconf 90' lang='lat' dir='ltr'>ne,</span> <span class='ocrx_word' id='word_1_67' title='bbox 764 1223 821 1272; x_wconf 87' lang='lat' dir='ltr'>in</span> <span class='ocrx_word' id='word_1_68' title='bbox 874 1222 985 1273; x_wconf 89' lang='lat' dir='ltr'>vita</span> <span class='ocrx_word' id='word_1_69' title='bbox 1034 1224 1135 1276; x_wconf 92' lang='lat' dir='ltr'>Dei</span> <span class='ocrx_word' id='word_1_70' title='bbox 1184 1226 1511 1291; x_wconf 83' lang='lat' dir='ltr'>abscondita,</span> <span class='ocrx_word' id='word_1_71' title='bbox 1550 1230 1846 1302; x_wconf 68' lang='lat' dir='ltr'>pastoribus</span> <span class='ocrx_word' id='word_1_72' title='bbox 1900 1231 2093 1297; x_wconf 72' lang='lat' dir='ltr'>praeire</span> 
     </span>
     <span class='ocr_line' id='line_1_10' title="bbox 186 1310 685 1360; baseline -0.004 -1"><span class='ocrx_word' id='word_1_73' title='bbox 186 1310 523 1360; x_wconf 84' lang='lat' dir='ltr'>inveniantur</span> <span class='ocrx_word' id='word_1_74' title='bbox 548 1325 685 1358; x_wconf 81' lang='lat' dir='ltr'>oves,</span> 
     </span>
    </p>

    <p class='ocr_par' dir='ltr' id='par_1_3' title="bbox 184 1412 2094 2766">
     <span class='ocr_line' id='line_1_11' title="bbox 328 1412 2093 1479; baseline 0.001 -16"><span class='ocrx_word' id='word_1_75' title='bbox 328 1413 531 1463; x_wconf 88' lang='lat' dir='ltr'>Mirum</span> <span class='ocrx_word' id='word_1_76' title='bbox 588 1429 710 1463; x_wconf 91' lang='lat' dir='ltr'>sane</span> <span class='ocrx_word' id='word_1_77' title='bbox 768 1412 1007 1479; x_wconf 84' lang='lat' dir='ltr'>Apostoli</span> <span class='ocrx_word' id='word_1_78' title='bbox 1061 1413 1318 1466; x_wconf 87' lang='lat' dir='ltr'>effatum:</span> <span class='ocrx_word' id='word_1_79' title='bbox 1387 1420 1422 1446; x_wconf 80' lang='lat'>‘⁶</span> <span class='ocrx_word' id='word_1_80' title='bbox 1443 1416 1564 1467; x_wconf 91' lang='lat' dir='ltr'>Non</span> <span class='ocrx_word' id='word_1_81' title='bbox 1611 1418 1755 1467; x_wconf 88' lang='lat' dir='ltr'>enim</span> <span class='ocrx_word' id='word_1_82' title='bbox 1808 1418 1957 1467; x_wconf 73' lang='lat' dir='ltr'>misit</span> <span class='ocrx_word' id='word_1_83' title='bbox 2007 1436 2093 1469; x_wconf 74' lang='lat' dir='ltr'>mo</span> 
     </span>
     <span class='ocr_line' id='line_1_12' title="bbox 186 1497 2094 1566; baseline 0.002 -17"><span class='ocrx_word' id='word_1_84' title='bbox 186 1497 423 1550; x_wconf 87' lang='lat' dir='ltr'>Christus</span> <span class='ocrx_word' id='word_1_85' title='bbox 446 1497 731 1565; x_wconf 90' lang='lat' dir='ltr'>baptizare,</span> <span class='ocrx_word' id='word_1_86' title='bbox 751 1497 841 1547; x_wconf 90' lang='lat' dir='ltr'>sed</span> <span class='ocrx_word' id='word_1_87' title='bbox 867 1498 1296 1566; x_wconf 87' lang='lat' dir='ltr'>evangelizare.’&#39;¹</span> <span class='ocrx_word' id='word_1_88' title='bbox 1365 1501 1493 1552; x_wconf 93' lang='lat' dir='ltr'>Ideo</span> <span class='ocrx_word' id='word_1_89' title='bbox 1517 1502 1573 1552; x_wconf 92' lang='lat' dir='ltr'>in</span> <span class='ocrx_word' id='word_1_90' title='bbox 1600 1502 1910 1553; x_wconf 81' lang='lat' dir='ltr'>Tridentino</span> <span class='ocrx_word' id='word_1_91' title='bbox 1936 1502 2094 1552; x_wconf 75' lang='lat' dir='ltr'>habc-</span> 
     </span>
     <span class='ocr_line' id='line_1_13' title="bbox 186 1582 2089 1650; baseline 0.001 -15"><span class='ocrx_word' id='word_1_92' title='bbox 186 1601 320 1646; x_wconf 77' lang='lat' dir='ltr'>muS,</span> <span class='ocrx_word' id='word_1_93' title='bbox 352 1584 697 1650; x_wconf 90' lang='lat' dir='ltr'>praecipuum</span> <span class='ocrx_word' id='word_1_94' title='bbox 738 1582 1119 1650; x_wconf 88' lang='lat' dir='ltr'>Episcoporum</span> <span class='ocrx_word' id='word_1_95' title='bbox 1156 1601 1348 1636; x_wconf 90' lang='lat' dir='ltr'>munus</span> <span class='ocrx_word' id='word_1_96' title='bbox 1387 1586 1605 1636; x_wconf 91' lang='lat' dir='ltr'>verbum</span> <span class='ocrx_word' id='word_1_97' title='bbox 1645 1585 1743 1636; x_wconf 91' lang='lat' dir='ltr'>Dei</span> <span class='ocrx_word' id='word_1_98' title='bbox 1784 1586 2089 1636; x_wconf 81' lang='lat' dir='ltr'>hominibus</span> 
     </span>
     <span class='ocr_line' id='line_1_14' title="bbox 185 1668 2093 1739; baseline 0.001 -19"><span class='ocrx_word' id='word_1_99' title='bbox 185 1668 572 1721; x_wconf 80' lang='lat' dir='ltr'>annuncia1·e:2</span> <span class='ocrx_word' id='word_1_100' title='bbox 641 1672 697 1719; x_wconf 91' lang='lat' dir='ltr'>et</span> <span class='ocrx_word' id='word_1_101' title='bbox 739 1668 881 1734; x_wconf 91' lang='lat' dir='ltr'>quod</span> <span class='ocrx_word' id='word_1_102' title='bbox 926 1670 983 1719; x_wconf 91' lang='lat' dir='ltr'>in</span> <span class='ocrx_word' id='word_1_103' title='bbox 1028 1669 1305 1737; x_wconf 90' lang='lat' dir='ltr'>Episcopis</span> <span class='ocrx_word' id='word_1_104' title='bbox 1348 1672 1709 1739; x_wconf 88' lang='lat' dir='ltr'>praecipuum,</span> <span class='ocrx_word' id='word_1_105' title='bbox 1751 1673 1808 1722; x_wconf 91' lang='lat' dir='ltr'>in</span> <span class='ocrx_word' id='word_1_106' title='bbox 1850 1672 2093 1722; x_wconf 80' lang='lat' dir='ltr'>omnibus</span> 
     </span>
     <span class='ocr_line' id='line_1_15' title="bbox 185 1755 2094 1824; baseline -0.001 -16"><span class='ocrx_word' id='word_1_107' title='bbox 185 1762 326 1808; x_wconf 88' lang='lat' dir='ltr'>certe</span> <span class='ocrx_word' id='word_1_108' title='bbox 350 1755 573 1806; x_wconf 82' lang='lat' dir='ltr'>maximi</span> <span class='ocrx_word' id='word_1_109' title='bbox 596 1756 856 1806; x_wconf 83' lang='lat' dir='ltr'>momenti</span> <span class='ocrx_word' id='word_1_110' title='bbox 888 1755 1207 1806; x_wconf 91' lang='lat' dir='ltr'>habendum.</span> <span class='ocrx_word' id='word_1_111' title='bbox 1282 1756 1354 1806; x_wconf 91' lang='lat' dir='ltr'>At</span> <span class='ocrx_word' id='word_1_112' title='bbox 1388 1757 1547 1807; x_wconf 88' lang='lat' dir='ltr'>sicuti</span> <span class='ocrx_word' id='word_1_113' title='bbox 1581 1757 1805 1824; x_wconf 85' lang='lat' dir='ltr'>simplex</span> <span class='ocrx_word' id='word_1_114' title='bbox 1838 1764 1892 1808; x_wconf 88' lang='lat' dir='ltr'>et</span> <span class='ocrx_word' id='word_1_115' title='bbox 1928 1758 2094 1808; x_wconf 79' lang='lat' dir='ltr'>virilis</span> 
     </span>
     <span class='ocr_line' id='line_1_16' title="bbox 187 1839 2091 1909; baseline 0 -17"><span class='ocrx_word' id='word_1_116' title='bbox 187 1841 470 1909; x_wconf 88' lang='lat' dir='ltr'>Evangelii</span> <span class='ocrx_word' id='word_1_117' title='bbox 506 1839 852 1891; x_wconf 86' lang='lat' dir='ltr'>annunciatio</span> <span class='ocrx_word' id='word_1_118' title='bbox 892 1840 1032 1891; x_wconf 90' lang='lat' dir='ltr'>salus</span> <span class='ocrx_word' id='word_1_119' title='bbox 1071 1846 1152 1891; x_wconf 86' lang='lat' dir='ltr'>est</span> <span class='ocrx_word' id='word_1_120' title='bbox 1184 1841 1540 1904; x_wconf 90' lang='lat' dir='ltr'>audientium,</span> <span class='ocrx_word' id='word_1_121' title='bbox 1565 1843 1645 1891; x_wconf 91' lang='lat' dir='ltr'>ita</span> <span class='ocrx_word' id='word_1_122' title='bbox 1671 1859 1803 1892; x_wconf 90' lang='lat' dir='ltr'>vana</span> <span class='ocrx_word' id='word_1_123' title='bbox 1827 1850 1881 1892; x_wconf 87' lang='lat' dir='ltr'>et</span> <span class='ocrx_word' id='word_1_124' title='bbox 1907 1843 2091 1892; x_wconf 78' lang='lat' dir='ltr'>inflata</span> 
     </span>
     <span class='ocr_line' id='line_1_17' title="bbox 184 1924 2093 1993; baseline -0.002 -13"><span class='ocrx_word' id='word_1_125' title='bbox 184 1928 501 1980; x_wconf 87' lang='lat' dir='ltr'>declamatio</span> <span class='ocrx_word' id='word_1_126' title='bbox 526 1926 771 1977; x_wconf 89' lang='lat' dir='ltr'>fidelibus</span> <span class='ocrx_word' id='word_1_127' title='bbox 797 1930 878 1977; x_wconf 92' lang='lat' dir='ltr'>est</span> <span class='ocrx_word' id='word_1_128' title='bbox 903 1924 1165 1988; x_wconf 85' lang='lat' dir='ltr'>scanda10,</span> <span class='ocrx_word' id='word_1_129' title='bbox 1190 1926 1538 1993; x_wconf 86' lang='lat' dir='ltr'>praedicatori</span> <span class='ocrx_word' id='word_1_130' title='bbox 1568 1930 1748 1976; x_wconf 89' lang='lat' dir='ltr'>autem</span> <span class='ocrx_word' id='word_1_131' title='bbox 1792 1932 1871 1977; x_wconf 88' lang='lat' dir='ltr'>est</span> <span class='ocrx_word' id='word_1_132' title='bbox 1912 1929 2093 1977; x_wconf 70' lang='lat' dir='ltr'>exitio.</span> 
     </span>
     <span class='ocr_line' id='line_1_18' title="bbox 186 2011 2091 2082; baseline -0.001 -17"><span class='ocrx_word' id='word_1_133' title='bbox 186 2014 359 2082; x_wconf 90' lang='lat' dir='ltr'>Regni</span> <span class='ocrx_word' id='word_1_134' title='bbox 398 2011 637 2064; x_wconf 88' lang='lat' dir='ltr'>coelestis</span> <span class='ocrx_word' id='word_1_135' title='bbox 676 2012 927 2079; x_wconf 88' lang='lat' dir='ltr'>mysteria</span> <span class='ocrx_word' id='word_1_136' title='bbox 970 2027 1076 2062; x_wconf 92' lang='lat' dir='ltr'>non</span> <span class='ocrx_word' id='word_1_137' title='bbox 1116 2016 1391 2079; x_wconf 87' lang='lat' dir='ltr'>tamquam</span> <span class='ocrx_word' id='word_1_138' title='bbox 1431 2013 1688 2064; x_wconf 89' lang='lat' dir='ltr'>rhetorica</span> <span class='ocrx_word' id='word_1_139' title='bbox 1726 2014 1973 2064; x_wconf 85' lang='lat' dir='ltr'>exercitia</span> <span class='ocrx_word' id='word_1_140' title='bbox 2013 2015 2091 2063; x_wconf 77' lang='lat' dir='ltr'>vel</span> 
     </span>
     <span class='ocr_line' id='line_1_19' title="bbox 186 2095 2089 2165; baseline -0.002 -15"><span class='ocrx_word' id='word_1_141' title='bbox 186 2098 474 2150; x_wconf 84' lang='lat' dir='ltr'>litterariae</span> <span class='ocrx_word' id='word_1_142' title='bbox 512 2096 641 2147; x_wconf 90' lang='lat' dir='ltr'>artis</span> <span class='ocrx_word' id='word_1_143' title='bbox 680 2095 1073 2147; x_wconf 89' lang='lat' dir='ltr'>lucubrationes</span> <span class='ocrx_word' id='word_1_144' title='bbox 1113 2100 1237 2147; x_wconf 87' lang='lat' dir='ltr'>sunt</span> <span class='ocrx_word' id='word_1_145' title='bbox 1276 2098 1569 2148; x_wconf 88' lang='lat' dir='ltr'>tractanda.</span> <span class='ocrx_word' id='word_1_146' title='bbox 1646 2098 1877 2165; x_wconf 87' lang='lat' dir='ltr'>Spiritus</span> <span class='ocrx_word' id='word_1_147' title='bbox 1912 2098 2089 2149; x_wconf 74' lang='lat' dir='ltr'>Sancti</span> 
     </span>
     <span class='ocr_line' id='line_1_20' title="bbox 187 2181 2091 2251; baseline -0.001 -16"><span class='ocrx_word' id='word_1_148' title='bbox 187 2184 555 2237; x_wconf 88' lang='lat' dir='ltr'>testimonium</span> <span class='ocrx_word' id='word_1_149' title='bbox 579 2181 1010 2249; x_wconf 86' lang='lat' dir='ltr'>persuasibilibus</span> <span class='ocrx_word' id='word_1_150' title='bbox 1033 2181 1297 2232; x_wconf 88' lang='lat' dir='ltr'>humanae</span> <span class='ocrx_word' id='word_1_151' title='bbox 1322 2183 1615 2250; x_wconf 84' lang='lat' dir='ltr'>sapientiae</span> <span class='ocrx_word' id='word_1_152' title='bbox 1635 2184 1802 2233; x_wconf 86' lang='lat' dir='ltr'>verbis</span> <span class='ocrx_word' id='word_1_153' title='bbox 1822 2200 1926 2233; x_wconf 91' lang='lat' dir='ltr'>non</span> <span class='ocrx_word' id='word_1_154' title='bbox 1947 2191 2091 2251; x_wconf 85' lang='lat' dir='ltr'>eget:</span> 
     </span>
     <span class='ocr_line' id='line_1_21' title="bbox 185 2266 2093 2336; baseline -0.004 -13"><span class='ocrx_word' id='word_1_155' title='bbox 185 2272 351 2323; x_wconf 91' lang='lat' dir='ltr'>immo</span> <span class='ocrx_word' id='word_1_156' title='bbox 377 2267 766 2320; x_wconf 78' lang='lat' dir='ltr'>sublimitatem</span> <span class='ocrx_word' id='word_1_157' title='bbox 792 2266 1043 2318; x_wconf 90' lang='lat' dir='ltr'>sermonis</span> <span class='ocrx_word' id='word_1_158' title='bbox 1068 2267 1234 2318; x_wconf 91' lang='lat' dir='ltr'>nostri</span> <span class='ocrx_word' id='word_1_159' title='bbox 1261 2268 1473 2319; x_wconf 90' lang='lat' dir='ltr'>divinae</span> <span class='ocrx_word' id='word_1_160' title='bbox 1499 2268 1737 2319; x_wconf 87' lang='lat' dir='ltr'>veritatis</span> <span class='ocrx_word' id='word_1_161' title='bbox 1781 2269 2093 2336; x_wconf 67' lang='lat' dir='ltr'>simplicitas</span> 
     </span>
     <span class='ocr_line' id='line_1_22' title="bbox 186 2352 2094 2421; baseline -0.003 -14"><span class='ocrx_word' id='word_1_162' title='bbox 186 2356 396 2407; x_wconf 85' lang='lat' dir='ltr'>fastidit</span> <span class='ocrx_word' id='word_1_163' title='bbox 421 2358 475 2405; x_wconf 91' lang='lat' dir='ltr'>et</span> <span class='ocrx_word' id='word_1_164' title='bbox 499 2353 719 2421; x_wconf 88' lang='lat' dir='ltr'>respuit,</span> <span class='ocrx_word' id='word_1_165' title='bbox 749 2356 814 2403; x_wconf 89' lang='lat' dir='ltr'>ut</span> <span class='ocrx_word' id='word_1_166' title='bbox 845 2352 974 2403; x_wconf 90' lang='lat' dir='ltr'>fides</span> <span class='ocrx_word' id='word_1_167' title='bbox 1006 2356 1183 2403; x_wconf 91' lang='lat' dir='ltr'>nostra</span> <span class='ocrx_word' id='word_1_168' title='bbox 1235 2356 1391 2403; x_wconf 89' lang='lat' dir='ltr'>“non</span> <span class='ocrx_word' id='word_1_169' title='bbox 1426 2354 1497 2404; x_wconf 90' lang='lat' dir='ltr'>sit</span> <span class='ocrx_word' id='word_1_170' title='bbox 1529 2354 1587 2404; x_wconf 94' lang='lat' dir='ltr'>in</span> <span class='ocrx_word' id='word_1_171' title='bbox 1626 2354 1884 2420; x_wconf 84' lang='lat' dir='ltr'>sapientia</span> <span class='ocrx_word' id='word_1_172' title='bbox 1923 2354 2094 2403; x_wconf 87' lang='lat' dir='ltr'>homi-</span> 
     </span>
     <span class='ocr_line' id='line_1_23' title="bbox 186 2436 2091 2508; baseline -0.002 -16"><span class='ocrx_word' id='word_1_173' title='bbox 186 2459 334 2504; x_wconf 90' lang='lat' dir='ltr'>num,</span> <span class='ocrx_word' id='word_1_174' title='bbox 373 2440 463 2491; x_wconf 90' lang='lat' dir='ltr'>sed</span> <span class='ocrx_word' id='word_1_175' title='bbox 500 2440 557 2490; x_wconf 90' lang='lat' dir='ltr'>in</span> <span class='ocrx_word' id='word_1_176' title='bbox 594 2438 796 2489; x_wconf 89' lang='lat' dir='ltr'>virtute</span> <span class='ocrx_word' id='word_1_177' title='bbox 831 2436 1010 2488; x_wconf 85' lang='lat' dir='ltr'>Dei.&#39;’3</span> <span class='ocrx_word' id='word_1_178' title='bbox 1078 2437 1378 2506; x_wconf 88' lang='lat' dir='ltr'>Diligenter</span> <span class='ocrx_word' id='word_1_179' title='bbox 1419 2457 1541 2508; x_wconf 88' lang='lat' dir='ltr'>ergo</span> <span class='ocrx_word' id='word_1_180' title='bbox 1579 2440 1883 2491; x_wconf 88' lang='lat' dir='ltr'>adlaborent</span> <span class='ocrx_word' id='word_1_181' title='bbox 1912 2458 2091 2490; x_wconf 76' lang='lat' dir='ltr'>omncs</span> 
     </span>
     <span class='ocr_line' id='line_1_24' title="bbox 186 2523 2094 2591; baseline -0.003 -12"><span class='ocrx_word' id='word_1_182' title='bbox 186 2529 483 2579; x_wconf 90' lang='lat' dir='ltr'>animarum</span> <span class='ocrx_word' id='word_1_183' title='bbox 508 2525 668 2576; x_wconf 90' lang='lat' dir='ltr'>duces</span> <span class='ocrx_word' id='word_1_184' title='bbox 691 2528 756 2574; x_wconf 90' lang='lat' dir='ltr'>ut</span> <span class='ocrx_word' id='word_1_185' title='bbox 780 2523 838 2573; x_wconf 91' lang='lat' dir='ltr'>in</span> <span class='ocrx_word' id='word_1_186' title='bbox 870 2524 1136 2591; x_wconf 88' lang='lat' dir='ltr'>mysteriis</span> <span class='ocrx_word' id='word_1_187' title='bbox 1164 2523 1292 2575; x_wconf 91' lang='lat' dir='ltr'>fidei</span> <span class='ocrx_word' id='word_1_188' title='bbox 1322 2525 1630 2587; x_wconf 88' lang='lat' dir='ltr'>tractandis,</span> <span class='ocrx_word' id='word_1_189' title='bbox 1663 2531 1719 2576; x_wconf 92' lang='lat' dir='ltr'>et</span> <span class='ocrx_word' id='word_1_190' title='bbox 1756 2526 1814 2576; x_wconf 92' lang='lat' dir='ltr'>in</span> <span class='ocrx_word' id='word_1_191' title='bbox 1849 2526 2094 2576; x_wconf 81' lang='lat' dir='ltr'>fidelibus</span> 
     </span>
     <span class='ocr_line' id='line_1_25' title="bbox 186 2608 2093 2680; baseline -0.002 -17"><span class='ocrx_word' id='word_1_192' title='bbox 186 2613 253 2664; x_wconf 92' lang='lat' dir='ltr'>ad</span> <span class='ocrx_word' id='word_1_193' title='bbox 282 2612 542 2680; x_wconf 89' lang='lat' dir='ltr'>pietatem</span> <span class='ocrx_word' id='word_1_194' title='bbox 572 2609 926 2672; x_wconf 82' lang='lat' dir='ltr'>exhortandiS‚</span> <span class='ocrx_word' id='word_1_195' title='bbox 956 2608 1095 2659; x_wconf 91' lang='lat' dir='ltr'>nihil</span> <span class='ocrx_word' id='word_1_196' title='bbox 1124 2609 1420 2661; x_wconf 89' lang='lat' dir='ltr'>admittant</span> <span class='ocrx_word' id='word_1_197' title='bbox 1444 2610 1584 2678; x_wconf 89' lang='lat' dir='ltr'>quod</span> <span class='ocrx_word' id='word_1_198' title='bbox 1610 2627 1715 2660; x_wconf 93' lang='lat' dir='ltr'>non</span> <span class='ocrx_word' id='word_1_199' title='bbox 1741 2611 1811 2661; x_wconf 87' lang='lat' dir='ltr'>sit</span> <span class='ocrx_word' id='word_1_200' title='bbox 1837 2611 2093 2677; x_wconf 83' lang='lat' dir='ltr'>simplici-</span> 
     </span>
     <span class='ocr_line' id='line_1_26' title="bbox 186 2696 930 2766; baseline -0.007 -16"><span class='ocrx_word' id='word_1_201' title='bbox 186 2704 299 2750; x_wconf 85' lang='lat' dir='ltr'>tate</span> <span class='ocrx_word' id='word_1_202' title='bbox 325 2702 380 2749; x_wconf 92' lang='lat' dir='ltr'>et</span> <span class='ocrx_word' id='word_1_203' title='bbox 404 2697 667 2766; x_wconf 89' lang='lat' dir='ltr'>gravitate</span> <span class='ocrx_word' id='word_1_204' title='bbox 690 2696 930 2763; x_wconf 89' lang='lat' dir='ltr'>plenum.</span> 
     </span>
    </p>
   </div>
   <div class='ocr_carea' id='block_1_3' title="bbox 185 2800 2092 3464">
    <p class='ocr_par' dir='ltr' id='par_1_4' title="bbox 185 2800 2092 3464">
     <span class='ocr_line' id='line_1_27' title="bbox 330 2800 2092 2867; baseline -0.002 -14"><span class='ocrx_word' id='word_1_205' title='bbox 330 2803 379 2854; x_wconf 87' lang='lat'>6.</span> <span class='ocrx_word' id='word_1_206' title='bbox 418 2802 595 2852; x_wconf 89' lang='lat' dir='ltr'>Ardua</span> <span class='ocrx_word' id='word_1_207' title='bbox 620 2817 742 2852; x_wconf 92' lang='lat' dir='ltr'>sane</span> <span class='ocrx_word' id='word_1_208' title='bbox 776 2800 1057 2850; x_wconf 90' lang='lat' dir='ltr'>sacerdotis</span> <span class='ocrx_word' id='word_1_209' title='bbox 1090 2800 1236 2859; x_wconf 82' lang='lat' dir='ltr'>vita3</span> <span class='ocrx_word' id='word_1_210' title='bbox 1274 2804 1514 2851; x_wconf 88' lang='lat' dir='ltr'>attamen</span> <span class='ocrx_word' id='word_1_211' title='bbox 1549 2802 1839 2850; x_wconf 88' lang='lat' dir='ltr'>innumeris</span> <span class='ocrx_word' id='word_1_212' title='bbox 1872 2800 1938 2850; x_wconf 91' lang='lat' dir='ltr'>ad</span> <span class='ocrx_word' id='word_1_213' title='bbox 1977 2818 2092 2867; x_wconf 81' lang='lat' dir='ltr'>per-</span> 
     </span>
     <span class='ocr_line' id='line_1_28' title="bbox 185 2885 2085 2954; baseline -0.003 -14"><span class='ocrx_word' id='word_1_214' title='bbox 185 2890 467 2940; x_wconf 89' lang='lat' dir='ltr'>fectionem</span> <span class='ocrx_word' id='word_1_215' title='bbox 514 2885 889 2954; x_wconf 87' lang='lat' dir='ltr'>acquirendam</span> <span class='ocrx_word' id='word_1_216' title='bbox 937 2885 1128 2936; x_wconf 88' lang='lat' dir='ltr'>mediis</span> <span class='ocrx_word' id='word_1_217' title='bbox 1177 2889 1230 2936; x_wconf 87' lang='lat' dir='ltr'>et</span> <span class='ocrx_word' id='word_1_218' title='bbox 1281 2885 1496 2935; x_wconf 82' lang='lat' dir='ltr'>auxiliis</span> <span class='ocrx_word' id='word_1_219' title='bbox 1546 2885 1871 2936; x_wconf 83' lang='lat' dir='ltr'>circumdata</span> <span class='ocrx_word' id='word_1_220' title='bbox 1914 2890 1993 2935; x_wconf 79' lang='lat' dir='ltr'>cst</span> <span class='ocrx_word' id='word_1_221' title='bbox 2036 2892 2085 2935; x_wconf 81' lang='lat' dir='ltr'>et</span> 
     </span>
     <span class='ocr_line' id='line_1_29' title="bbox 185 2970 2090 3042; baseline -0.003 -17"><span class='ocrx_word' id='word_1_222' title='bbox 185 2975 398 3042; x_wconf 89' lang='lat' dir='ltr'>stipata.</span> <span class='ocrx_word' id='word_1_223' title='bbox 481 2972 708 3022; x_wconf 89' lang='lat' dir='ltr'>Provida</span> <span class='ocrx_word' id='word_1_224' title='bbox 751 2972 895 3022; x_wconf 91' lang='lat' dir='ltr'>enim</span> <span class='ocrx_word' id='word_1_225' title='bbox 937 2970 1114 3022; x_wconf 89' lang='lat' dir='ltr'>Mater</span> <span class='ocrx_word' id='word_1_226' title='bbox 1154 2975 1331 3022; x_wconf 90' lang='lat' dir='ltr'>nostra</span> <span class='ocrx_word' id='word_1_227' title='bbox 1375 2970 1628 3032; x_wconf 88' lang='lat' dir='ltr'>Ecclesia,</span> <span class='ocrx_word' id='word_1_228' title='bbox 1667 2970 1880 3020; x_wconf 88' lang='lat' dir='ltr'>divinae</span> <span class='ocrx_word' id='word_1_229' title='bbox 1921 2971 2090 3020; x_wconf 85' lang='lat' dir='ltr'>laudis</span> 
     </span>
     <span class='ocr_line' id='line_1_30' title="bbox 186 3054 2090 3124; baseline -0.004 -14"><span class='ocrx_word' id='word_1_230' title='bbox 186 3059 416 3110; x_wconf 89' lang='lat' dir='ltr'>officium</span> <span class='ocrx_word' id='word_1_231' title='bbox 466 3057 601 3107; x_wconf 90' lang='lat' dir='ltr'>clero</span> <span class='ocrx_word' id='word_1_232' title='bbox 642 3058 938 3124; x_wconf 91' lang='lat' dir='ltr'>imponens,</span> <span class='ocrx_word' id='word_1_233' title='bbox 981 3056 1177 3124; x_wconf 90' lang='lat' dir='ltr'>quietis</span> <span class='ocrx_word' id='word_1_234' title='bbox 1221 3055 1455 3123; x_wconf 90' lang='lat' dir='ltr'>spatium</span> <span class='ocrx_word' id='word_1_235' title='bbox 1499 3055 1558 3105; x_wconf 95' lang='lat' dir='ltr'>in</span> <span class='ocrx_word' id='word_1_236' title='bbox 1600 3054 1776 3104; x_wconf 92' lang='lat' dir='ltr'>medio</span> <span class='ocrx_word' id='word_1_237' title='bbox 1818 3055 2090 3104; x_wconf 79' lang='lat' dir='ltr'>charitatis</span> 
     </span>
     <span class='ocr_line' id='line_1_31' title="bbox 185 3140 2088 3208; baseline -0.003 -12"><span class='ocrx_word' id='word_1_238' title='bbox 185 3145 442 3206; x_wconf 90' lang='lat' dir='ltr'>laborum,</span> <span class='ocrx_word' id='word_1_239' title='bbox 467 3144 574 3193; x_wconf 90' lang='lat' dir='ltr'>suis</span> <span class='ocrx_word' id='word_1_240' title='bbox 607 3142 866 3192; x_wconf 90' lang='lat' dir='ltr'>ministris</span> <span class='ocrx_word' id='word_1_241' title='bbox 910 3141 1151 3192; x_wconf 86' lang='lat' dir='ltr'>vindieat</span> <span class='ocrx_word' id='word_1_242' title='bbox 1189 3146 1246 3192; x_wconf 89' lang='lat' dir='ltr'>et</span> <span class='ocrx_word' id='word_1_243' title='bbox 1288 3146 1486 3191; x_wconf 88' lang='lat' dir='ltr'>tuetur.</span> <span class='ocrx_word' id='word_1_244' title='bbox 1563 3140 1769 3208; x_wconf 87' lang='lat' dir='ltr'>Septies</span> <span class='ocrx_word' id='word_1_245' title='bbox 1806 3141 1861 3190; x_wconf 91' lang='lat' dir='ltr'>in</span> <span class='ocrx_word' id='word_1_246' title='bbox 1899 3141 1987 3191; x_wconf 93' lang='lat' dir='ltr'>die</span> <span class='ocrx_word' id='word_1_247' title='bbox 2022 3141 2088 3190; x_wconf 90' lang='lat' dir='ltr'>ad</span> 
     </span>
     <span class='ocr_line' id='line_1_32' title="bbox 189 3224 2087 3299; baseline -0.005 -17"><span class='ocrx_word' id='word_1_248' title='bbox 189 3230 388 3299; x_wconf 88' lang='lat' dir='ltr'>Regem</span> <span class='ocrx_word' id='word_1_249' title='bbox 437 3227 751 3279; x_wconf 87' lang='lat' dir='ltr'>Sanctorum</span> <span class='ocrx_word' id='word_1_250' title='bbox 803 3224 1123 3294; x_wconf 89' lang='lat' dir='ltr'>Curiamque</span> <span class='ocrx_word' id='word_1_251' title='bbox 1173 3224 1464 3277; x_wconf 87' lang='lat' dir='ltr'>Coelestem</span> <span class='ocrx_word' id='word_1_252' title='bbox 1507 3241 1600 3275; x_wconf 91' lang='lat' dir='ltr'>nos</span> <span class='ocrx_word' id='word_1_253' title='bbox 1635 3224 1795 3292; x_wconf 89' lang='lat' dir='ltr'>jubet</span> <span class='ocrx_word' id='word_1_254' title='bbox 1838 3224 1989 3274; x_wconf 85' lang='lat' dir='ltr'>corde</span> <span class='ocrx_word' id='word_1_255' title='bbox 2032 3229 2087 3274; x_wconf 88' lang='lat' dir='ltr'>et</span> 
     </span>
     <span class='ocr_line' id='line_1_33' title="bbox 185 3307 2088 3376; baseline -0.005 -10"><span class='ocrx_word' id='word_1_256' title='bbox 185 3320 365 3366; x_wconf 90' lang='lat' dir='ltr'>mente</span> <span class='ocrx_word' id='word_1_257' title='bbox 404 3313 702 3363; x_wconf 88' lang='lat' dir='ltr'>ascendere:</span> <span class='ocrx_word' id='word_1_258' title='bbox 745 3316 817 3374; x_wconf 89' lang='lat' dir='ltr'>et,</span> <span class='ocrx_word' id='word_1_259' title='bbox 843 3313 886 3362; x_wconf 91' lang='lat' dir='ltr'>si</span> <span class='ocrx_word' id='word_1_260' title='bbox 922 3328 986 3362; x_wconf 84' lang='lat' dir='ltr'>ex</span> <span class='ocrx_word' id='word_1_261' title='bbox 1019 3310 1388 3362; x_wconf 89' lang='lat' dir='ltr'>communione</span> <span class='ocrx_word' id='word_1_262' title='bbox 1431 3308 1667 3376; x_wconf 88' lang='lat' dir='ltr'>Corporis</span> <span class='ocrx_word' id='word_1_263' title='bbox 1707 3314 1762 3358; x_wconf 92' lang='lat' dir='ltr'>et</span> <span class='ocrx_word' id='word_1_264' title='bbox 1802 3307 2088 3376; x_wconf 81' lang='lat' dir='ltr'>Sanguinis</span> 
     </span>
     <span class='ocr_line' id='line_1_34' title="bbox 185 3391 2088 3464; baseline -0.005 -13"><span class='ocrx_word' id='word_1_265' title='bbox 185 3399 313 3451; x_wconf 89' lang='lat' dir='ltr'>Jesu</span> <span class='ocrx_word' id='word_1_266' title='bbox 337 3398 500 3450; x_wconf 90' lang='lat' dir='ltr'>semel</span> <span class='ocrx_word' id='word_1_267' title='bbox 540 3400 758 3464; x_wconf 90' lang='lat' dir='ltr'>accepta</span> <span class='ocrx_word' id='word_1_268' title='bbox 797 3395 1036 3447; x_wconf 88' lang='lat' dir='ltr'>homines</span> <span class='ocrx_word' id='word_1_269' title='bbox 1079 3396 1251 3446; x_wconf 89' lang='lat' dir='ltr'>sancti</span> <span class='ocrx_word' id='word_1_270' title='bbox 1294 3394 1407 3445; x_wconf 91' lang='lat' dir='ltr'>fieri</span> <span class='ocrx_word' id='word_1_271' title='bbox 1450 3393 1670 3460; x_wconf 86' lang='lat' dir='ltr'>possint,</span> <span class='ocrx_word' id='word_1_272' title='bbox 1697 3391 1833 3442; x_wconf 90' lang='lat' dir='ltr'>nihil</span> <span class='ocrx_word' id='word_1_273' title='bbox 1874 3394 2088 3443; x_wconf 82' lang='lat' dir='ltr'>omnino</span> 
     </span>
    </p>
   </div>
   <div class='ocr_carea' id='block_1_4' title="bbox 608 3537 1663 3713">
    <p class='ocr_par' dir='ltr' id='par_1_5' title="bbox 608 3537 1663 3713">
     <span class='ocr_line' id='line_1_35' title="bbox 978 3537 1296 3581; baseline -0.003 -1"><span class='ocrx_word' id='word_1_274' title='bbox 978 3537 994 3560; x_wconf 87' lang='lat'>¹</span> <span class='ocrx_word' id='word_1_275' title='bbox 1023 3542 1042 3580; x_wconf 89' lang='lat'>1</span> <span class='ocrx_word' id='word_1_276' title='bbox 1065 3540 1159 3580; x_wconf 87' lang='lat' dir='ltr'>Cor.</span> <span class='ocrx_word' id='word_1_277' title='bbox 1179 3539 1208 3579; x_wconf 92' lang='lat' dir='ltr'>i.</span> <span class='ocrx_word' id='word_1_278' title='bbox 1232 3540 1296 3581; x_wconf 88' lang='grc'>17.</span> 
     </span>
     <span class='ocr_line' id='line_1_36' title="bbox 608 3605 1663 3657; baseline -0.005 -9"><span class='ocrx_word' id='word_1_279' title='bbox 608 3606 628 3631; x_wconf 74' lang='lat'>⁸</span> <span class='ocrx_word' id='word_1_280' title='bbox 654 3610 761 3648; x_wconf 79' lang='lat' dir='ltr'>Cone.</span> <span class='ocrx_word' id='word_1_281' title='bbox 790 3608 919 3657; x_wconf 64' lang='lat' dir='ltr'>Tria„</span> <span class='ocrx_word' id='word_1_282' title='bbox 942 3607 1050 3647; x_wconf 85' lang='lat' dir='ltr'>Sess.</span> <span class='ocrx_word' id='word_1_283' title='bbox 1072 3606 1189 3646; x_wconf 80' lang='lat' dir='ltr'>xxiV.</span> <span class='ocrx_word' id='word_1_284' title='bbox 1215 3606 1280 3646; x_wconf 90' lang='lat' dir='ltr'>De</span> <span class='ocrx_word' id='word_1_285' title='bbox 1300 3605 1486 3646; x_wconf 82' lang='lat' dir='ltr'>Reform.</span> <span class='ocrx_word' id='word_1_286' title='bbox 1511 3618 1599 3657; x_wconf 78' lang='lat' dir='ltr'>cap.</span> <span class='ocrx_word' id='word_1_287' title='bbox 1622 3606 1663 3643; x_wconf 70' lang='lat'>«1.</span> 
     </span>
     <span class='ocr_line' id='line_1_37' title="bbox 982 3671 1295 3713; baseline -0.006 0"><span class='ocrx_word' id='word_1_288' title='bbox 982 3672 1000 3695; x_wconf 79' lang='lat'><strong>⁸</strong></span> <span class='ocrx_word' id='word_1_289' title='bbox 1027 3675 1046 3713; x_wconf 91' lang='lat'>1</span> <span class='ocrx_word' id='word_1_290' title='bbox 1069 3671 1163 3713; x_wconf 85' lang='lat' dir='ltr'>Cor.</span> <span class='ocrx_word' id='word_1_291' title='bbox 1186 3672 1232 3712; x_wconf 89' lang='lat' dir='ltr'>ii.</span> <span class='ocrx_word' id='word_1_292' title='bbox 1256 3674 1295 3712; x_wconf 88' lang='lat'>5.</span> 
     </span>
    </p>
   </div>
  </div>
 </body>
</html>
