2534 4374
764 870 1490 955 ADDITIONES.

1105 1160 1159 1225 Ι.

630 1346 1059 1396 SANCTISSIMI
1093 1348 1346 1396 DOMINI
1380 1349 1625 1398 NOSTRI

312 1470 508 1526 LEON
512 1472 579 1524 IS
628 1471 890 1522 DIVINA
938 1471 1439 1526 PROVIDENTIA
1488 1476 1721 1527 PAPAE
1773 1477 1933 1528 ΧΙΙΙ.

905 1606 1345 1655 CONSTITUTIO

182 1720 278 1758 QUA
299 1721 550 1754 NONNULLA
574 1721 1026 1754 CONTROVEBSIARUM
1048 1721 1214 1754 CAPITA
1235 1722 1382 1754 INTER
1404 1722 1642 1755 EPISCOPOS
1664 1724 1720 1755 ET
1744 1724 2070 1756 MISSIONARIOS

546 1807 821 1841 REGULARES
840 1808 1049 1841 ANGLIAE
1071 1808 1129 1840 m·
1151 1807 1338 1840 SCOTIAE
1360 1809 1702 1841 DEFINIUNTUR.

767 2033 937 2095 LEO
998 2031 1474 2095 EPISCOPUS

520 2180 888 2235 SERst
964 2179 1489 2232 SERVORUM
1564 2182 1727 2233 DEI

658 2323 735 2362 AD
770 2323 1103 2362 PERPETUAM
1139 2324 1231 2362 REI
1269 2324 1590 2363 MEMORIAM.

310 2446 574 2498 Romanos
600 2446 886 2498 Pontifices
909 2445 1208 2498 Decessores
1232 2446 1449 2498 Nostros
1474 2452 1691 2514 patemo
1718 2465 1920 2515 semper
1944 2449 2077 2498 cari-

167 2534 297 2584 tatis
329 2532 527 2585 affectu
560 2533 817 2601 inclytam
843 2532 1136 2600 Anglorum
1159 2536 1376 2601 gentem
1402 2532 1607 2596 fovisse,
1634 2538 1689 2584 et
1713 2534 2072 2583 monumentis

166 2620 274 2670 suis
298 2622 526 2670 testatur
549 2618 788 2682 historia,
814 2623 868 2669 et
893 2618 1062 2669 felicis
1086 2617 1459 2669 recordationis
1491 2618 1620 2669 Pius
1647 2618 1744 2669 IX.
1772 2620 1828 2668 in
1855 2619 2073 2668 Litteris

174 2702 516 2756 Universalis
556 2702 829 2755 Ecclesiae
869 2715 936 2753 ΙΙΙ
976 2703 1189 2754 kalend.
1229 2702 1469 2755 Octobris
1503 2719 1640 2753 anno
1688 2703 2071 2753 Incarnationis

166 2786 477 2838 Dominicae
525 2799 746 2838 MDCCCL
794 2787 952 2845 datis,
1001 2786 1234 2855 graviter
1296 2803 1357 2836 ac
1420 2787 1611 2836 diserte
1676 2786 2070 2836 demonstravit.

166 2871 343 2932 Quum
385 2877 566 2923 autem
608 2890 701 2940 per
743 2888 829 2923 eas
872 2871 1102 2922 Litteras
1145 2871 1497 2939 episcopalem
1540 2871 1886 2922 hierarchiam
1930 2872 2071 2921 idem

166 2957 414 3009 Pontifex
476 2959 616 3010 inter
677 2958 876 3027 Anglos
936 2958 1254 3021 restitueret,
1311 2956 1607 3007 cumulavit
1669 2958 2073 3024 quodammodo,

164 3048 422 3110 quantam
464 3047 764 3111 temporum
805 3042 941 3093 ratio
985 3042 1207 3105 sinebat,
1251 3058 1313 3092 ea
1354 3041 1629 3092 benefacta
1674 3042 1864 3108 quibus
1907 3043 2076 3109 Apos-

164 3129 328 3179 tolica
353 3127 512 3179 Sedes
535 3130 809 3180 nationem
840 3129 989 3179 illam
1022 3128 1195 3178 fuerat
1228 3131 1561 3195 prosequuta.
1638 3126 1719 3176 Ex
1753 3127 2066 3178 dioecesium

164 3214 310 3264 enim
359 3214 694 3265 restitutione
741 3232 860 3282 pars
909 3214 1004 3264 illa
1046 3213 1303 3264 dominici
1345 3212 1519 3281 gregis
1562 3212 1628 3260 ad
1671 3214 1885 3279 nuptias
1928 3213 2068 3280 Agni

162 3299 400 3350 caelestis
416 3299 533 3367 jam
558 3305 760 3363 vocata,
784 3318 845 3351 ac
869 3301 1094 3369 mystico
1134 3300 1266 3368 Ejus
1304 3298 1504 3366 corpori
1545 3298 1757 3359 sociata,
1783 3297 2068 3363 pleniorem

163 3384 404 3435 veritatis
451 3390 609 3452 atque
658 3386 856 3436 ordinis
903 3386 1217 3435 firmitatem
1256 3400 1348 3452 per
1392 3383 1768 3450 Episcoporum
1814 3382 2071 3449 guberna-

162 3470 366 3519 tionem
392 3474 446 3520 et
471 3471 708 3539 regimen
732 3487 906 3521 rursus
931 3471 1124 3538 adepta
1154 3474 1250 3521 est.
1324 3465 1594 3537 Episcopi
1628 3464 1855 3534 qnippe,
1891 3468 2064 3533 inquit

161 3553 219 3606 S.
269 3554 553 3618 Irenaeus‚¹
610 3554 1005 3608 successionem
1061 3554 1256 3607 habent
1314 3552 1380 3605 ab
1438 3549 1737 3621 Apostoli&
1789 3550 1890 3618 qm·
1938 3568 2068 3602 cano„

699 3707 719 3733 ¹
742 3711 848 3751 Λᾶν.
872 3711 979 3750 haer.
1002 3709 1076 3750 lib.
1099 3709 1199 3760 IV.‚
1221 3721 1310 3761 cap.
1336 3710 1400 3759 26,
1422 3720 1465 3748 n.
1491 3710 1529 3747 2.
