2534 4374
1069 514 1349 560 nasama,
2073 504 2152 561 37

402 673 453 723 5.
501 671 967 725 Administrationi
992 668 1356 722 oeconomicae
1374 666 1810 718 monasteriorum
1829 681 1935 718 non
1952 681 2165 732 exemp-

253 762 434 809 torum
460 757 710 827 invigilet
735 757 948 809 solerter
971 758 1264 825 episcopm,
1288 753 1612 822 providendo
1637 751 1721 803 vel
1756 768 1850 819 per
1885 768 1939 802 se
1964 750 2046 802 vel
2072 767 2164 818 per

251 841 425 892 alium
450 847 623 895 rectae
647 843 904 895 bonorum
923 839 1374 894 administrationi
1392 838 1668 907 gerendae.
1731 836 1917 888 Status
1933 836 2162 887 admini-

258 927 544 990 strationiS,
569 928 782 979 etiamsi
806 926 1061 978 moniales
1086 925 1258 976 ordini
1291 922 1519 992 regulari
1556 922 1781 985 subsint,
1815 922 2058 990 episcopo
2081 926 2163 971 est

256 1012 597 1064 exhibendus.
651 1013 974 1065 Monialium
989 1013 1139 1063 dotes
1156 1012 1213 1062 in
1232 1009 1456 1060 utilibus
1470 1007 1863 1059 investimentis
1881 1012 2160 1074 ponantur,

255 1103 321 1147 ut
344 1102 548 1149 certum
573 1099 842 1150 redditum
868 1098 1152 1149 annualem
1189 1096 1519 1163 producant3
1555 1109 1728 1161 neque
1764 1092 2160 1145 extraordinarii

253 1183 577 1235 inducantur
600 1188 843 1252 sumptus
865 1183 1063 1251 absque
1080 1181 1316 1250 episcopi
1339 1179 1735 1249 approbatione.

863 1388 1269 1443 DECRETUM
1340 1387 1550 1441 XXIX.

995 1521 1077 1575 De
1115 1518 1429 1591 Episcopie.

350 1651 357 1658 ”
396 1657 576 1720 Quum
599 1659 843 1726 oporteat
856 1655 1130 1724 judicium
1153 1655 1385 1723 incipere
1408 1671 1441 1705 a
1473 1654 1631 1707 domo
1666 1655 1769 1709 Dei
1806 1656 1876 1723 (I
1891 1657 2038 1711 Petr.
2066 1671 2161 1723 IV„

256 1742 367 1812 17),
395 1759 670 1812 quumque
689 1743 982 1810 episcopuS,
1001 1741 1173 1792 factus
1192 1740 1360 1790 forma
1384 1740 1558 1810 gregis
1575 1757 1640 1792 ex
1658 1743 1837 1794 animo
1857 1742 1923 1812 (I
1926 1742 1973 1795 b.
1991 1757 2063 1806 v.,
2085 1744 2161 1812 3),

251 1845 357 1880 non
381 1832 599 1879 tantum
624 1843 888 1879 sacrarum
912 1826 1145 1878 vestium
1166 1825 1454 1893 splendore,
1473 1842 1571 1877 nec
1589 1826 1754 1876 etiam
1779 1827 2162 1881 ecclesiasticae

251 1914 535 1982 dignitatis
557 1913 744 1982 gradu,
770 1915 1034 1980 quantum
1058 1912 1323 1962 virtutum
1342 1911 1667 1978 praestantia
1690 1916 1747 1963 et
1761 1913 1904 1964 vitae
1922 1915 2161 1979 candore,

250 1995 509 2064 populum
534 1999 591 2046 et
614 1995 815 2047 clerum
840 1993 1031 2046 debeat
1054 1992 1386 2056 antecellere,
1411 1993 1606 2046 idcirco
1632 1995 1798 2045 etiam
1823 2012 1958 2063 quae
1982 1997 2049 2047 ad
2068 2014 2162 2049 nos

249 2081 545 2133 referuntur
567 2097 675 2132 non
698 2083 856 2131 erunt
880 2079 1095 2131 silentio
1118 2078 1529 2147 praetereunda3
1566 2080 1655 2131 sed
1679 2081 1877 2148 potius,
1914 2083 2163 2134 timentes

249 2185 316 2219 ne
364 2167 497 2218 dum
544 2166 665 2218 aliis
712 2166 1096 2235 praedicamus,
1139 2166 1243 2233 ipsi
1291 2165 1495 2234 reprobi
1543 2165 1752 2231 fiamus,
1813 2168 1951 2218 circa
1997 2170 2162 2220 nostri

249 2253 481 2306 muneris
505 2252 694 2316 officia,
721 2253 998 2319 sequentia
1020 2250 1420 2319 praescribenda
1443 2266 1731 2303 censemus,

396 2341 446 2389 1.
495 2337 647 2400 Quod
671 2338 739 2390 de
757 2340 1004 2389 accurata
1021 2336 1326 2406 cognitione
1343 2336 1519 2406 gregis
1543 2337 1647 2389 sibi
1666 2339 1931 2390 commissi
1951 2356 1982 2390 a
1997 2356 2161 2392 sacer-

245 2426 374 2477 dote
397 2424 750 2492 comparanda
774 2439 931 2492 supra
954 2422 1162 2473 dictum
1187 2421 1310 2484 fuit,
1345 2421 1404 2472 id
1439 2421 1613 2490 majus
1650 2440 1767 2475 vere
1803 2424 1871 2475 de
1906 2427 2163 2494 episcopis

236 2509 646 2565 observandum.
722 2508 834 2577 Ipsi
860 2508 1023 2571 enim,
1047 2507 1217 2558 veluti
1242 2507 1593 2575 speculatores
1615 2524 1770 2576 super
1801 2526 1978 2562 muros
2009 2511 2047 2563 J
2047 2530 2164 2563 eru-

247 2596 413 2647 salem
436 2595 618 2663 positi,
642 2594 996 2662 undequaque
1020 2593 1278 2653 indefesso
1302 2593 1413 2645 zelo
1443 2593 1665 2664 vigilare
1693 2588 1911 2647 debent.
1986 2598 2162 2666 Igitur

247 2682 530 2733 dioecesim
554 2684 797 2733 accurate
820 2680 1116 2744 addiscant,
1142 2681 1351 2730 exactas
1375 2679 1442 2730 de
1466 2679 1692 2750 singulis
1716 2680 1843 2732 locis
1884 2682 2163 2736 relationes

242 2767 535 2836 exigentes,

390 2854 443 2903 2.
494 2851 599 2904 Sed
622 2850 708 2903 his
730 2867 837 2903 non
862 2851 1119 2915 contenti,
1152 2853 1327 2902 totam
1365 2850 1649 2902 dioecesim
1685 2852 1790 2920 ipsi
1826 2854 2159 2921 perlustrent.

246 2937 403 2999 Quod
420 2937 639 3005 quidem
664 2936 872 3012 facilius
897 2937 1103 3000 evadet,
1123 2937 1168 2987 si
1193 2937 1468 3004 episcopus
1493 2936 1776 2988 dioecesim
1791 2938 1848 2988 in
1867 2944 1970 2989 tres
1989 2947 2163 3007 partes

246 3023 473 3086 dividat,
511 3023 593 3073 ita
629 3026 695 3073 ut
738 3038 902 3073 unam
941 3027 1147 3090 partem
1190 3022 1476 3090 quotannis
1518 3022 1750 3084 invisat3
1788 3027 2063 3093 totamque
2106 3028 2162 3078 in

247 3108 478 3159 triennio
501 3107 812 3176 investiget,
836 3108 896 3158 in
932 3124 1248 3175 unaquaque
1284 3106 1505 3158 ecclesia
1544 3108 1957 3161 confirmationis
1997 3128 2162 3163 sacra·

248 3196 493 3244 mentum
517 3192 911 3243 administrans,

393 3279 444 3330 3.
494 3276 598 3329 Sed
616 3277 757 3345 quod
776 3278 1001 3328 maximi
1018 3281 1100 3329 est
1117 3279 1394 3341 momenti,
1413 3279 1775 3331 visitationem
1796 3281 2160 3349 episcopalem,

248 3362 467 3414 statutis
491 3362 837 3430 temporibuS,
863 3362 1031 3413 facere
1055 3379 1162 3414 non
1186 3363 1442 3432 negligat.
1516 3363 1592 3413 Et
1615 3365 1830 3432 quidem
1856 3365 2159 3433 hujusmodi

249 3448 488 3499 visitatio
525 3464 633 3499 non
675 3449 862 3515 quovis
904 3448 1062 3499 modo
1105 3453 1186 3499 est
1227 3449 1483 3512 habenda,
1525 3465 1698 3517 neque
1730 3449 1891 3517 juxta
1926 3451 2160 3519 aliquam

242 3549 385 3600 quae
414 3532 532 3600 jam
571 3533 771 3602 vigeat,
810 3533 1265 3597 consuetudinem,
1309 3534 1399 3585 sed
1434 3539 1698 3602 quantum
1735 3533 1848 3585 fieri
1874 3540 2068 3603 potest,
2092 3538 2158 3588 ad

249 3633 488 3669 normam
513 3618 571 3668 in
594 3617 900 3669 Pontificali
933 3617 1171 3668 Romano
1207 3619 1598 3686 praescriptam.
1674 3618 1964 3687 Episcopus
1995 3622 2160 3690 igitur

250 3702 543 3766 ecclesiam,
566 3702 968 3771 presbyterium,
994 3702 1211 3766 scholae,
1236 3705 1629 3767 coemeterium,
1653 3708 1710 3755 et
1732 3706 1911 3756 omnia
1942 3723 2076 3773 quae
2102 3710 2158 3759 in

251 3804 429 3838 eorum
454 3788 663 3839 ambit-u
687 3789 1043 3851 continentur,
1069 3793 1125 3839 et
1148 3804 1284 3855 quae
1308 3788 1365 3838 in
1390 3789 1458 3839 iis
1483 3794 1768 3853 servantur,
1794 3807 1914 3841 vasa
1950 3809 2158 3860 quoque

247 3888 411 3935 sacra,
454 3888 652 3923 sacram
696 3872 1095 3940 supellectilem,
1131 3872 1337 3937 altaria,
1363 3873 1779 3938 tabernaculum,
1816 3880 1872 3926 et
1896 3876 2160 3943 quidquid
