2534 4374
982 489 1226 532 APPEND.
1272 492 1308 532 ι.
1956 475 2075 536 123

326 636 569 705 Denique
593 639 658 687 ut
694 636 762 688 ad
798 636 1108 688 universalis
1149 637 1412 689 Ecclesiae
1451 638 1700 690 notitiam
1742 638 1869 690 haec
1896 638 2083 690 Nostra

183 723 251 776 de
287 721 644 773 Immaculata
683 719 1039 790 Conceptione
1074 721 1415 776 Beatissimae
1442 724 1674 793 Virginis
1700 724 1896 775 Mariae
1920 725 2083 776 defin-

183 808 285 859 itio
321 806 634 869 deducatur,
674 807 766 857 has
804 806 1118 874 apostolicas
1155 807 1371 859 Nostras
1408 808 1639 860 Litteras
1676 809 1741 860 ad
1780 816 2082 877 perpetuam

183 893 260 944 rei
302 892 613 943 memoriam
660 896 861 942 exstare
906 891 1204 944 voluimus:
1260 892 1571 943 mandantes
1616 899 1676 943 ut
1719 892 1904 944 harum
1945 900 2086 944 tran·

185 978 432 1046 sumptiS,
476 994 568 1028 seu
603 977 876 1045 exemplis,
913 978 1077 1028 etiam
1114 978 1393 1045 impressis,
1430 995 1591 1030 manu
1627 979 1853 1048 alicujus
1896 981 2084 1030 notarii

184 1063 388 1133 publici
414 1063 742 1131 subscriptis,
765 1067 822 1113 et
858 1062 1034 1132 sigillo
1070 1079 1318 1131 personae
1353 1065 1409 1115 in
1445 1064 1795 1116 ecclesiastica
1820 1066 2085 1135 dignitate

184 1150 507 1201 constitutae
531 1149 776 1212 munitis,
802 1149 986 1201 eadem
1012 1165 1218 1217 prorsus
1243 1149 1373 1201 fides
1397 1150 1465 1201 ab
1489 1150 1735 1202 omnibus
1758 1149 2088 1213 adhibeatur,

185 1251 320 1304 quae
363 1236 493 1303 ipsis
540 1234 905 1303 praesentibus
954 1235 1307 1300 adhiberetur,
1356 1236 1401 1287 si
1452 1236 1621 1287 forent
1670 1235 1951 1300 exhibitae,
2001 1236 2084 1287 vel

186 1324 439 1372 ostensae.

327 1405 481 1457 Nulli
505 1421 628 1476 ergo
664 1404 942 1456 hominum
967 1405 1129 1457 liceat
1164 1405 1415 1475 paginam
1452 1405 1589 1457 hanc
1613 1404 1834 1458 Nostrae
1858 1404 2086 1457 declara-

186 1492 367 1555 tioniS,
414 1490 865 1559 pronuntiationis
914 1507 975 1541 ac
1023 1490 1351 1543 definitionis
1394 1491 1694 1561 infringere,
1738 1492 1818 1542 vel
1866 1493 1915 1542 ei
1954 1508 2083 1542 ausu

188 1576 465 1628 temerario
502 1575 762 1627 adversari
796 1580 853 1626 et
888 1577 1165 1627 contraire.
1240 1575 1300 1627 Si
1337 1577 1457 1644 quis
1494 1582 1678 1627 autem
1704 1576 1801 1626 hoc
1824 1581 2086 1627 attentare

187 1662 610 1730 praesumpserit,
652 1661 1077 1730 indignationem
1120 1660 1518 1729 omnipotentis
1562 1661 1661 1712 Dei
1706 1678 1767 1711 ac
1815 1660 2084 1711 beatorum

187 1747 333 1798 Petri
362 1750 419 1797 et
442 1745 601 1796 Pauli
626 1744 997 1813 Apostolorum
1022 1745 1136 1814 ejus
1162 1763 1215 1796 se
1240 1746 1445 1797 noverit
1471 1746 1819 1796 incursurum.

330 1831 533 1882 Datum
558 1830 758 1882 Romae
794 1831 938 1899 apud
979 1830 1237 1883 Sanctum
1276 1830 1496 1882 Petrum
1521 1847 1659 1882 anno
1704 1830 2089 1881 Incarnationis

186 1916 498 1967 Dominicae
534 1915 818 1966 millesimo
855 1914 1300 1985 octingentesimo
1336 1915 1775 1984 quinquagesimo
1799 1921 2003 1984 quart0,
2028 1928 2085 1966 Vl

190 2003 318 2054 Idus
340 2001 662 2067 DecembriS,
687 2017 828 2052 anno
852 2013 1155 2065 MDCCCLIV,
1179 2000 1530 2053 Pontificatus
1556 2000 1737 2053 Nostri
1762 2019 1900 2053 anno
1925 2019 2077 2053 nono.

1561 2096 1732 2150 PIUS
1769 2097 1878 2149 ΡΡ.
1915 2097 2016 2150 ΙΧ.

954 2366 1186 2430 PARS
1257 2368 1345 2429 II.

705 2527 1043 2579 LITTERAE
1104 2527 1593 2581 APOSTOLICAE

342 2678 569 2728 QUIBUS
611 2679 1007 2722 ADJUNGITUR
1050 2678 1373 2720 ECCLESIAE
1416 2678 1944 2725 LIVERPOLITANAB

816 2751 1125 2794 CENTURIA
1171 2751 1468 2794 LEYLAND.

894 2887 1066 2941 PIUS
1127 2890 1237 2943 ΡΡ.
1301 2890 1400 2942 ΙΧ.

626 3055 706 3098 ΔΙ)
762 3055 1115 3098 ΡΕΒΡΕΤΠΑΜ
1170 3055 1271 3097 REI
1328 3056 1666 3099 MEMORIAM.

340 3188 476 3243 cum
501 3189 911 3241 ecclesiasticam
936 3189 1279 3240 hierarchiam
1303 3190 1362 3240 in
1387 3190 1610 3259 Angliae
1643 3207 1801 3259 regno
1836 3192 2097 3245 instaura-

197 3277 391 3339 vimus,
439 3279 496 3326 et
556 3275 730 3342 plures
793 3275 1112 3343 episcopales
1174 3275 1434 3326 Ecclesias
1496 3276 1922 3344 archiepiscopali
1983 3281 2089 3331 sedi

196 3361 747 3412 westmonasteriensi
809 3360 1162 3429 suffraganeas
1223 3361 1613 3421 constituimus,
1674 3362 1973 3428 apostolicis
2033 3382 2094 3415 ea

198 3463 353 3514 super
399 3463 455 3497 re
504 3446 764 3513 expeditis
813 3446 872 3496 in
921 3445 1086 3495 simili
1136 3445 1302 3496 forma
1346 3445 1526 3496 Brevis
1566 3446 1783 3496 Litteris
1822 3447 1910 3497 die
1952 3460 2094 3499 xxlx

198 3530 525 3599 Septembris
564 3548 703 3581 anno
746 3543 979 3593 MDCCCL,
1030 3530 1087 3580 in
1129 3530 1428 3580 definiendo
1475 3531 1782 3598 episcopalis
1834 3532 2096 3585 Ecclesiae

199 3615 566 3669 Salfordiensis
606 3617 870 3668 territorio
916 3611 1220 3667 Centuriam
1262 3615 1495 3682 Leyland
1539 3615 1710 3665 dictae
1760 3614 2093 3668 Salfordiensi

200 3702 465 3753 Ecclesiae
526 3703 925 3770 assignavimuS.
1024 3701 1179 3751 Nunc
1228 3716 1346 3751 vero
1396 3717 1516 3750 cum
1565 3701 1883 3769 gravissimis
1933 3702 2092 3752 etiam

199 3787 520 3840 testimoniis
543 3788 856 3849 innotuerit,
883 3786 1073 3836 melius
1102 3785 1369 3853 provisum
1406 3785 1490 3846 iri,
1527 3786 1568 3835 si
1608 3786 1749 3850 regio
1787 3785 1880 3836 illa
1920 3787 2097 3837 Livet-
