2534 4374
603 483 855 525 coxsrrr.
907 470 941 497 ‘⁴
960 483 1233 527 somnos
1276 470 1666 529 PONTIFICES.’'
1960 470 2085 531 353

173 648 213 683 a
251 632 365 701 lege
409 631 700 693 communi,
734 630 937 680 scilicet
975 628 1042 679 in
1080 629 1423 683 devolutcvoff
1512 634 1584 683 At
1626 652 1744 684 vero
1785 635 1850 684 ad
1892 635 2094 702 reliqua

179 717 386 768 decreta
419 717 560 784 quod
597 717 815 778 attinet,
849 732 910 763 ea
944 721 1083 764 certe
1121 716 1230 765 lata
1274 724 1454 768 contra
1492 720 1763 787 regulares
1790 720 1897 769 vim
1935 721 2093 769 ratio-

174 818 406 869 nemque
443 802 574 870 legis
607 801 903 851 amittunt:
955 817 1111 866 quare
1146 807 1354 851 constat.
1383 803 1500 852 illos
1535 805 1607 854 sic
1640 804 2026 872 exemptionem
2062 823 2094 854 a

164 888 544 954 ‚jurisdictione
589 885 875 954 episcopali
918 887 1179 952 possidere
1225 890 1305 938 uti
1352 896 1477 938 ante
1521 890 1878 957 possederint-3
1928 891 2093 941 donec

181 972 457 1023 Pontificis
483 971 704 1021 ma'ximi
730 971 1047 1021 auctoritate
1071 972 1362 1038 judicetur,
1380 974 1501 1040 jure
1526 991 1593 1025 ne
1617 991 1683 1024 an
1712 993 1854 1025 secus
1879 993 2000 1026 cum
2028 976 2092 1024 iis

173 1062 361 1107 actum
389 1058 475 1107 sit.

323 1143 597 1193 Hactenus
622 1142 688 1192 de
714 1142 1064 1209 exemptionis
1089 1143 1394 1211 privilegi03
1430 1161 1568 1194 nunc
1595 1146 1657 1194 de
1684 1147 1748 1194 iis
1773 1146 2096 1212 quaestioni-

175 1229 279 1279 bus
303 1228 605 1289 dicendum,
631 1227 825 1294 quibus
850 1227 1147 1277 ministeria
1181 1229 1441 1295 quaedam
1468 1246 1559 1295 per
1583 1230 1841 1295 regulares
1867 1230 2095 1280 exercita

177 1313 504 1363 occasionem
538 1312 911 1379 praebuerunt.
987 1312 1219 1362 Excellit
1252 1314 1392 1362 inter
1426 1314 1554 1364 haec
1589 1331 1782 1365 munus
1807 1316 2094 1366 curationis

172 1399 495 1460 animarum,
520 1398 660 1464 quod
687 1414 856 1465 saepe,
881 1402 944 1448 ut
975 1399 1266 1460 innulmus,
1300 1399 1556 1465 religiosis
1590 1400 1715 1450 viris
1748 1402 2095 1451 demandatur

180 1484 321 1534 intra
363 1484 493 1534 fines
537 1482 604 1533 ab
648 1482 925 1550 Episcopis
968 1484 1344 1551 praestituto-³3
1395 1484 1540 1533 locus
1578 1491 1759 1535 autem
1800 1487 1864 1536 iis
1903 1485 2094 1536 finibus

172 1568 583 1636 comprehensus
622 1565 915 1619 missionis
958 1569 1175 1619 nomine
1219 1569 1542 1637 designatur.
1617 1570 1650 1619 J
1654 1587 1862 1620 amvero
1906 1572 1971 1621 de
2014 1571 2096 1620 his

182 1654 518 1705 missionibus
568 1654 924 1720 disceptatum
975 1653 1099 1717 fuit,
1143 1671 1211 1704 an
1261 1658 1317 1705 et
1360 1655 1623 1721 quomodo
1665 1655 1777 1706 fieri
1821 1657 1983 1722 possit
2030 1656 2097 1706 ab

183 1741 460 1808 Episcopis
485 1758 663 1791 earum
690 1740 899 1803 divisio,
925 1757 1033 1803 sen,
1058 1744 1122 1791 ut
1152 1741 1260 1791 dici
1291 1741 1441 1803 solet,
1469 1741 1881 1792 dismembratiO.
1957 1741 2096 1792 Nam

171 1827 275 1893 qui
310 1826 654 1894 Regularium
682 1825 801 1892 jura
843 1826 1148 1888 tuebantur,
1185 1827 1454 1894 negabant
1489 1826 1625 1877 hanc
1644 1827 1956 1877 divisionem
1983 1827 2095 1877 fieri

181 1926 330 1976 posse
365 1909 470 1958 nisi
507 1908 767 1976 legitimis
804 1908 868 1959 de
902 1910 1091 1971 causiS,
1117 1908 1481 1976 adhibitisque
1506 1909 1644 1977 juris
1669 1910 1937 1961 solemniis
1962 1927 2097 1977 quae

174 1994 500 2062 praescripta
527 1999 651 2044 sunt
684 1994 752 2044 ab
784 1994 1080 2044 Alexandro
1114 1994 1255 2044 ΙΙΙ.2
1293 1998 1349 2044 et
1384 2011 1417 2044 a
1455 1992 1690 2045 Concilio
1728 1996 2053 2045 Tridentino,
2076 1994 2097 2025 3

176 2080 303 2131 Α113
327 2096 448 2130 vero
473 2084 586 2130 erat
613 2079 994 2146 Episcoporum
1021 2080 1276 2146 opinatio,

326 2166 568 2216 Profecto
612 2166 656 2215 si
700 2165 892 2215 divisio
932 2164 1029 2215 fiat
1068 2167 1336 2232 paroeciae
1375 2168 1484 2217 veri
1524 2168 1774 2229 nominiS,
1806 2169 1916 2218 sive
1955 2167 2096 2217 anti-

172 2253 367 2320 quitus
431 2251 695 2313 conditae,
761 2252 869 2301 sive
932 2251 1220 2302 recentiore
1284 2253 1536 2303 memoria
1585 2252 1707 2320 jure
1756 2252 2095 2314 constitutae,

182 2337 540 2388 dubitandum
584 2353 691 2385 non
734 2342 814 2387 est
856 2339 984 2404 quin
1029 2336 1175 2387 nefas
1218 2338 1290 2387 sit
1334 2337 1596 2405 Episcopo
1639 2353 1900 2387 canonum
1950 2352 2096 2404 prae-

181 2424 378 2490 scripta
428 2426 778 2472 contemnere.
862 2422 934 2471 At
986 2421 1325 2473 Britannicae
1375 2422 1647 2473 missiones
1694 2423 1989 2490 generatim
2037 2421 2095 2471 in

174 2508 446 2575 paroecias
486 2507 553 2557 ad
589 2507 725 2573 juris
769 2508 1009 2558 tramites
1053 2513 1255 2558 erectae
1297 2524 1403 2558 non
1448 2512 1603 2559 sunt:
1654 2508 1850 2558 idcirco
1894 2523 2094 2558 sacrum

183 2593 478 2645 Consilium
513 2592 798 2642 christiano
829 2593 1037 2643 nomini
1070 2594 1408 2662 propagando
1447 2609 1585 2643 anno
1625 2597 1945 2644 MDCCCLXVI
1984 2592 2096 2642 offi-

182 2681 330 2730 cium
372 2678 679 2745 applicandi
723 2678 939 2727 missam
983 2695 1076 2745 pro
1120 2678 1316 2746 populo
1360 2680 1428 2729 ad
1473 2679 1798 2747 Episcopum
1837 2679 2095 2745 pertinere

174 2765 408 2828 censuit,
447 2768 722 2830 propterea
760 2764 902 2829 quod
942 2763 1260 2814 dioecesium
1300 2764 1728 2816 Britannicarum
1772 2781 1877 2814 non
1920 2754 1982 2814 ea
2025 2766 2096 2814 sit

182 2850 516 2911 constitutio,
554 2853 619 2898 ut
661 2849 719 2898 in
763 2866 907 2898 veras
949 2851 1214 2916 paroecias
1257 2851 1542 2919 dispositae
1586 2852 1709 2902 sint.
1795 2852 1986 2917 Itaque
2028 2851 2093 2899 ad

173 2937 499 2987 divisionem
548 2934 812 2985 missionis
862 2935 1120 3002 simplicis
1169 2953 1230 2986 ea
1263 2938 1401 3004 juris
1445 2939 1698 2988 solemnia
1741 2937 2096 2987 transferenda

174 3038 287 3073 non
316 3024 459 3082 sunt,
483 3037 617 3087 (11130
642 3036 796 3087 super
824 3020 1289 3072 dismembratione
1325 3025 1680 3090 paroeciarum
1719 3024 1934 3074 fuerunt.
1973 3039 2095 3072 con-

181 3106 408 3155 stituta:
447 3120 508 3153 eo
532 3102 617 3152 vel
641 3103 812 3170 magis
837 3103 978 3169 quod
1003 3108 1216 3170 propter
1240 3105 1552 3155 missionum
1583 3105 1816 3156 indolem
1850 3109 1905 3155 et
1938 3121 2095 3170 pecu-

184 3190 338 3240 liares
376 3187 818 3248 circumstantias,
853 3204 1073 3238 numero
1109 3189 1282 3255 plures
1321 3206 1382 3240 ac
1416 3190 1633 3245 leviores
1667 3207 1852 3240 causae
1890 3190 2094 3255 possint

176 3290 466 3335 occurrere,
505 3289 640 3339 quae
675 3273 898 3324 istarum
938 3273 1253 3324 divisionem
1296 3276 1570 3337 suadeant,
1608 3293 1768 3343 quam
1811 3290 1943 3341 quae
1972 3274 2095 3341 jure

179 3356 439 3408 definitae
481 3356 589 3405 sint
632 3358 696 3405 ut
738 3355 836 3405 fiat
877 3357 1235 3422 paroeciarum
1278 3358 1484 3408 divisio,
1559 3358 1706 3408 Neve
1748 3358 1866 3424 quis
1908 3361 2095 3424 urgeat

177 3441 593 3492 similitudinem
634 3457 796 3507 quam
835 3445 1088 3508 utraeque
1128 3442 1268 3493 inter
1300 3459 1354 3492 se
1378 3442 1604 3500 habent;
1642 3460 1764 3493 cum
1792 3442 1933 3492 enim
1960 3442 2095 3492 obli-

545 3586 561 3608 1
585 3587 742 3628 Bened.
774 3587 901 3627 XIV.
923 3589 969 3626 de
987 3589 1132 3637 synod.
1155 3589 1288 3628 Dioec.
1311 3588 1407 3628 Lib.
1435 3592 1481 3629 13
1501 3602 1591 3643 cap.
1615 3593 1638 3629 5
1662 3591 1679 3643 §
1706 3593 1753 3629 12

546 3654 563 3676 ²
588 3655 689 3706 Cap.
713 3656 766 3694 ad
782 3656 1025 3694 audientiam
1044 3654 1096 3695 de
1113 3655 1274 3696 Eccles.
1295 3657 1457 3697 aodiflo.

549 3721 567 3743 ³
591 3721 699 3761 Sese.
723 3723 770 3760 21
793 3734 884 3774 cap.
905 3725 930 3760 4
950 3723 997 3760 de
1013 3722 1188 3771 Reform.
