2534 4374
479 461 567 522 86
1060 477 1216 520 coNc.
1263 475 1432 518 Pssov.
1478 474 1705 519 wnsm.
1750 476 1795 519 1.

1389 720 1467 772 11.

534 900 631 951 DE
667 898 885 951 MISSA
922 896 1065 950 PRO
1101 894 1392 950 POPULO
1429 895 1513 947 IN
1548 894 1802 951 FESTIS
1836 895 2316 954 APPLIOANDA.

472 1078 788 1129 Beatissime
821 1074 1000 1137 Pater,

615 1181 749 1232 Cum
767 1182 826 1231 in
850 1180 987 1230 clero
1005 1178 1230 1246 Angliae
1254 1180 1370 1228 orta
1394 1174 1556 1228 fuerit
1579 1192 1644 1228 ex
1667 1179 1818 1244 parte
1841 1175 2068 1228 aliorum
2091 1170 2376 1231 difficultas

466 1272 529 1319 et
568 1266 824 1326 anxietaS,
866 1267 922 1314 et
962 1279 1026 1312 ex
1067 1266 1216 1329 parte
1264 1260 1491 1311 aliorum
1539 1259 1870 1330 negligentia
1917 1261 2196 1329 irrepserit,
2237 1262 2377 1314 circa

468 1350 881 1418 applicationem
928 1346 1125 1397 Missae
1169 1361 1277 1414 pro
1316 1343 1554 1414 popul0,
1595 1346 1782 1396 diebus
1823 1346 2025 1397 festivis
2073 1347 2376 1414 suppressiS,

473 1436 722 1504 Episcopi
746 1433 944 1484 Vicarii
969 1431 1261 1500 Apostolici
1285 1432 1353 1482 ad
1377 1432 1535 1499 pedes
1577 1431 1891 1484 Sanctitatis
1930 1434 2074 1486 Tuae
2110 1435 2375 1503 provoluti

471 1521 771 1572 humillime
794 1523 990 1587 petunt
1014 1523 1078 1568 ut
1103 1517 1331 1587 benigne
1357 1517 1607 1585 dignetur
1631 1518 1888 1569 declarare
1912 1523 2095 1570 utrum
2120 1519 2378 1589 obligatio

471 1607 628 1674 hujus
651 1605 1024 1673 applicationis
1056 1604 1296 1655 restricta
1321 1603 1566 1654 sit.festis
1595 1602 1711 1669 jam
1737 1603 2023 1655 observatis
2045 1605 2112 1655 ab
2134 1606 2378 1656 universa

469 1691 722 1754 Ecclesia,
748 1691 831 1742 vel
857 1691 1022 1742 etiam
1046 1690 1114 1741 iis
1138 1706 1272 1758 quae
1305 1690 1363 1739 in
1406 1689 1515 1740 sola
1556 1689 1752 1758 Anglia
1791 1690 2110 1754 colebantur,
2137 1707 2377 1758 quaeque

471 1777 700 1845 plurima
735 1792 952 1826 numero
989 1775 1205 1825 fuerunt
1239 1778 1366 1826 ante
1401 1773 1668 1825 saeculum
1710 1785 1829 1824 XVI.
1867 1774 2076 1844 Rogant
2113 1779 2378 1842 praeterea

469 1868 534 1912 ut
583 1861 849 1913 Sanctitas
898 1860 1031 1922 Tua,
1073 1864 1283 1910 attenta
1331 1875 1466 1927 quae
1514 1859 1580 1910 de
1628 1857 1726 1909 hac
1775 1859 2098 1928 obligatione
2146 1860 2378 1911 invaluit

471 1946 789 2015 ignorantia,
813 1945 948 1996 velit
985 1961 1080 2012 pro
1123 1961 1217 1995 sua
1258 1950 1478 2012 paterna
1510 1943 1845 2013 indulgentia
1883 1945 2174 1996 condonare
2205 1945 2376 2011 quoad

469 2032 832 2100 praeteritum,
855 2031 1109 2097 imposito
1139 2046 1292 2081 onere
1329 2029 1625 2081 celebrandi
1658 2030 1935 2081 duodecim
1967 2030 2157 2081 Missas
2192 2030 2260 2080 iis
2283 2032 2377 2097 qui

471 2114 597 2164 dum
624 2129 802 2162 curam
827 2110 1082 2162 haberent
1107 2111 1407 2162 animarum
1431 2110 1596 2162 talem
1633 2111 2046 2179 applicationem
2084 2112 2375 2163 omiserint.

473 2199 547 2248 Et
569 2197 998 2265 quandoquidem
1035 2196 1094 2245 in
1119 2196 1306 2246 multis
1344 2195 1689 2246 Missionibus
1714 2211 1775 2246 ea
1799 2195 2087 2263 applicatio
2111 2197 2167 2246 in
2192 2197 2376 2248 diebus

472 2283 674 2334 festivis
698 2281 984 2348 suppressis
1008 2280 1239 2332 difficilis
1264 2281 1456 2332 evadat
1491 2286 1706 2349 propter
1741 2281 2009 2336 defectum
2034 2281 2257 2349 alicujus
2280 2282 2376 2350 qui

468 2367 726 2418 sacerdoti
764 2366 986 2417 Missam
1025 2365 1309 2416 celebranti
1351 2366 1622 2427 inserviat,
1658 2365 1986 2433 supplicatur
2020 2370 2285 2433 praeterea
2313 2371 2378 2417 ut

474 2452 672 2520 singuli
719 2451 919 2502 Vicarii
967 2450 1260 2518 Apostolici
1309 2452 1513 2518 possint
1559 2467 1653 2518 pro
1696 2451 1894 2503 talibus
1942 2451 2285 2503 Missionibus
2321 2456 2378 2502 et

467 2537 757 2606 adjunctiS,
783 2553 935 2604 super
960 2553 1021 2587 ea
1046 2536 1162 2604 lege
1187 2536 1632 2603 dispensationem
1656 2536 1936 2603 impertiri.
2010 2536 2198 2599 Quare,
2223 2541 2324 2588 etc.

615 2622 698 2672 Ex
716 2621 990 2672 audientia
1010 2619 1358 2683 Sanctissimi,
1368 2620 1552 2672 habita
1571 2621 1658 2671 die
1676 2632 1778 2671 XIV
1795 2620 2001 2683 Martii,
2016 2632 2374 2672 MDGGGXLVH.

617 2707 990 2759 Sanctissimus
1057 2705 1318 2757 Dominus
1372 2705 1561 2757 Noster
1608 2705 1757 2769 Pius,
1804 2705 1986 2756 divina
2037 2704 2376 2756 Providentia

475 2793 584 2844 PP.
634 2791 734 2854 IX,
781 2791 1034 2841 referente
1080 2807 1168 2842 me
1214 2791 1547 2859 infrascripto
1597 2789 1781 2842 Sacrae
1832 2789 2263 2858 congregationis
2310 2790 2375 2840 de

473 2877 818 2947 Propaganda
841 2875 974 2927 Fide
1007 2876 1298 2940 secretario,
1321 2875 1586 2944 perpensis
1620 2875 1888 2943 expositiS,
1912 2874 2137 2944 benigne
2166 2874 2376 2939 annuit,

478 2964 542 3010 ut
566 2960 800 3026 sequitur
821 2978 834 3010 ε

623 3046 670 3094 1.
708 3042 976 3094 Concessit
992 3043 1203 3094 veniam
1226 3059 1319 3110 pro
1337 3045 1573 3111 tempore
1590 3040 1891 3109 praeteritO,
1905 3038 2057 3092 firma
2073 3045 2374 3092 remanente

475 3128 802 3197 obligatione
825 3143 920 3194 pro
944 3127 1094 3178 festis
1118 3126 1432 3177 actualibus·

623 3215 674 3264 2.
713 3211 861 3263 Circa
884 3229 1004 3263 vero
1029 3213 1164 3262 festa
1187 3226 1457 3278 suppressa
1493 3208 1759 3261 Sanctitas
1794 3207 1903 3262 Sua
1926 3210 2114 3272 voluit,
2138 3214 2201 3261 ut
2224 3209 2376 3261 firma

482 3301 747 3349 remaneat
770 3296 1025 3364 obligatio
1047 3312 1141 3363 pro
1165 3295 1276 3346 illis
1298 3311 1435 3363 quae
1459 3295 1744 3362 suppressit
1766 3295 1824 3345 in
1848 3294 2043 3363 Anglia
2066 3294 2208 3344 VIII
2246 3294 2375 3345 Pius

482 3381 538 3433 S.
564 3381 642 3430 M.
715 3381 781 3429 In
816 3380 1037 3447 reliquis
1079 3380 1262 3430 eadem
1307 3378 1572 3431 Sanctitas
1609 3377 1715 3429 Sua
1747 3378 1992 3440 declarat,
2015 3382 2080 3428 ut
2118 3378 2374 3447 obligatio

484 3464 851 3531 applicationis
897 3465 1086 3514 missae
1127 3464 1481 3531 adimpleatur
1526 3463 1594 3513 iis
1640 3463 1823 3513 diebus
1870 3462 1964 3529 qui
2012 3462 2376 3512 describuntur

485 3550 622 3598 circa
663 3546 822 3596 finem
861 3548 1108 3598 ordinarii
1152 3547 1395 3609 Romani,
1419 3563 1481 3597 ac
1519 3547 1576 3596 in
1619 3546 1767 3596 festis
1807 3545 1860 3596 S.
1902 3545 2143 3613 Gregorii
2185 3545 2374 3612 Magni

489 3631 710 3699 Angliae
734 3630 990 3696 Apostoli,
1034 3630 1088 3681 S.
1125 3631 1414 3698 Augustini
1438 3630 1550 3697 ejus
1573 3629 1841 3696 discipuli,
1875 3628 1928 3680 S.
1970 3628 2183 3696 Georgii
2225 3629 2374 3697 regni

488 3715 818 3777 ProtectoriS,
833 3731 892 3765 ac
909 3714 962 3766 S.
978 3714 1206 3765 Thomae
1223 3714 1609 3766 Cantuariensis
1623 3713 1938 3764 Protectoris
1956 3712 2080 3763 cleri
2103 3712 2375 3763 saecularis

489 3799 727 3867 Angliae.
