<?xml version="1.0" encoding="UTF-8"?>
<!DOCTYPE html PUBLIC "-//W3C//DTD XHTML 1.0 Transitional//EN"
    "http://www.w3.org/TR/xhtml1/DTD/xhtml1-transitional.dtd">
<html xmlns="http://www.w3.org/1999/xhtml" xml:lang="en" lang="en">
 <head>
  <title>
</title>
<meta http-equiv="Content-Type" content="text/html;charset=utf-8" />
  <meta name='ocr-system' content='tesseract 3.04.00' />
  <meta name='ocr-capabilities' content='ocr_page ocr_carea ocr_par ocr_line ocrx_word'/>
</head>
<body>
  <div class='ocr_page' id='page_1' title='image "a613744800cathuoft_0253.png"; bbox 0 0 2534 4374; ppageno 0'>
   <div class='ocr_carea' id='block_1_1' title="bbox 992 456 2077 519">
    <p class='ocr_par' dir='ltr' id='par_1_1' title="bbox 992 456 2077 519">
     <span class='ocr_line' id='line_1_1' title="bbox 992 456 2077 519; baseline 0.002 -3"><span class='ocrx_word' id='word_1_1' title='bbox 992 474 1267 517; x_wconf 77' lang='lat' dir='ltr'><strong>DECRETA.</strong></span> <span class='ocrx_word' id='word_1_2' title='bbox 1954 456 2077 519; x_wconf 81' lang='lat'>235</span> 
     </span>
    </p>
   </div>
   <div class='ocr_carea' id='block_1_2' title="bbox 182 621 2094 2059">
    <p class='ocr_par' dir='ltr' id='par_1_2' title="bbox 182 621 2094 2059">
     <span class='ocr_line' id='line_1_2' title="bbox 183 621 2085 692; baseline 0 -18"><span class='ocrx_word' id='word_1_3' title='bbox 183 622 487 674; x_wconf 89' lang='lat' dir='ltr'>simillimus</span> <span class='ocrx_word' id='word_1_4' title='bbox 512 622 623 673; x_wconf 93' lang='lat' dir='ltr'>Deo</span> <span class='ocrx_word' id='word_1_5' title='bbox 648 621 944 673; x_wconf 80' lang='lat' dir='ltr'>evaserit.&#39;&#39;l</span> <span class='ocrx_word' id='word_1_6' title='bbox 1040 626 1073 652; x_wconf 92' lang='grc'>“</span> <span class='ocrx_word' id='word_1_7' title='bbox 1094 622 1185 672; x_wconf 82' lang='grc'>1111</span> <span class='ocrx_word' id='word_1_8' title='bbox 1210 629 1390 674; x_wconf 87' lang='lat' dir='ltr'>autem</span> <span class='ocrx_word' id='word_1_9' title='bbox 1416 625 1508 692; x_wconf 92' lang='lat' dir='ltr'>qui</span> <span class='ocrx_word' id='word_1_10' title='bbox 1546 625 1743 675; x_wconf 87' lang='lat' dir='ltr'>divinis</span> <span class='ocrx_word' id='word_1_11' title='bbox 1779 626 2085 675; x_wconf 78' lang='lat' dir='ltr'>ministeriis</span> 
     </span>
     <span class='ocr_line' id='line_1_3' title="bbox 182 708 2086 777; baseline 0 -18"><span class='ocrx_word' id='word_1_12' title='bbox 182 708 535 776; x_wconf 73' lang='lat' dir='ltr'>applicantur,</span> <span class='ocrx_word' id='word_1_13' title='bbox 566 708 933 774; x_wconf 88' lang='lat' dir='ltr'>adipiscuntur</span> <span class='ocrx_word' id='word_1_14' title='bbox 967 708 1169 776; x_wconf 88' lang='lat' dir='ltr'>regiam</span> <span class='ocrx_word' id='word_1_15' title='bbox 1206 709 1527 777; x_wconf 84' lang='lat' dir='ltr'>dignitatem</span> <span class='ocrx_word' id='word_1_16' title='bbox 1566 715 1620 760; x_wconf 90' lang='lat' dir='ltr'>et</span> <span class='ocrx_word' id='word_1_17' title='bbox 1658 711 1875 776; x_wconf 85' lang='lat' dir='ltr'>perfecti</span> <span class='ocrx_word' id='word_1_18' title='bbox 1903 711 1957 760; x_wconf 89' lang='lat' dir='ltr'>in</span> <span class='ocrx_word' id='word_1_19' title='bbox 1986 712 2086 760; x_wconf 85' lang='lat' dir='ltr'>vir-</span> 
     </span>
     <span class='ocr_line' id='line_1_4' title="bbox 185 791 2084 846; baseline 0 -2"><span class='ocrx_word' id='word_1_20' title='bbox 185 799 301 845; x_wconf 82' lang='lat' dir='ltr'>tute</span> <span class='ocrx_word' id='word_1_21' title='bbox 327 809 435 843; x_wconf 90' lang='lat' dir='ltr'>esse</span> <span class='ocrx_word' id='word_1_22' title='bbox 460 791 738 842; x_wconf 79' lang='lat' dir='ltr'>debent.&#39;&#39;²</span> <span class='ocrx_word' id='word_1_23' title='bbox 819 791 906 842; x_wconf 87' lang='lat' dir='ltr'>Ita</span> <span class='ocrx_word' id='word_1_24' title='bbox 931 793 1095 843; x_wconf 83' lang='lat' dir='ltr'>etiam</span> <span class='ocrx_word' id='word_1_25' title='bbox 1121 793 1189 843; x_wconf 85' lang='lat' dir='ltr'>ab</span> <span class='ocrx_word' id='word_1_26' title='bbox 1213 793 1449 844; x_wconf 83' lang='lat' dir='ltr'>Ecclesia</span> <span class='ocrx_word' id='word_1_27' title='bbox 1488 793 1758 846; x_wconf 81' lang='lat' dir='ltr'>Catholica</span> <span class='ocrx_word' id='word_1_28' title='bbox 1785 796 1838 845; x_wconf 92' lang='lat' dir='ltr'>in</span> <span class='ocrx_word' id='word_1_29' title='bbox 1867 795 2084 845; x_wconf 74' lang='lat' dir='ltr'>solemni</span> 
     </span>
     <span class='ocr_line' id='line_1_5' title="bbox 184 878 2085 944; baseline -0.001 -15"><span class='ocrx_word' id='word_1_30' title='bbox 184 878 294 929; x_wconf 86' lang='lat' dir='ltr'>ritu</span> <span class='ocrx_word' id='word_1_31' title='bbox 342 882 396 928; x_wconf 89' lang='lat' dir='ltr'>et</span> <span class='ocrx_word' id='word_1_32' title='bbox 445 878 501 927; x_wconf 90' lang='lat' dir='ltr'>in</span> <span class='ocrx_word' id='word_1_33' title='bbox 550 878 664 944; x_wconf 92' lang='lat' dir='ltr'>ipso</span> <span class='ocrx_word' id='word_1_34' title='bbox 715 878 992 928; x_wconf 88' lang='lat' dir='ltr'>sacerdotii</span> <span class='ocrx_word' id='word_1_35' title='bbox 1036 878 1335 928; x_wconf 86' lang='lat' dir='ltr'>conferendi</span> <span class='ocrx_word' id='word_1_36' title='bbox 1377 883 1503 929; x_wconf 88' lang='lat' dir='ltr'>actu</span> <span class='ocrx_word' id='word_1_37' title='bbox 1545 880 1838 930; x_wconf 84' lang='lat' dir='ltr'>edocemur.</span> <span class='ocrx_word' id='word_1_38' title='bbox 1934 880 2085 930; x_wconf 74' lang='lat' dir='ltr'>Sicut</span> 
     </span>
     <span class='ocr_line' id='line_1_6' title="bbox 184 963 2087 1033; baseline -0.001 -17"><span class='ocrx_word' id='word_1_39' title='bbox 184 965 328 1016; x_wconf 90' lang='lat' dir='ltr'>enim</span> <span class='ocrx_word' id='word_1_40' title='bbox 365 964 538 1032; x_wconf 84' lang='lat' dir='ltr'>Moysi</span> <span class='ocrx_word' id='word_1_41' title='bbox 576 965 847 1031; x_wconf 88' lang='lat' dir='ltr'>praecepit</span> <span class='ocrx_word' id='word_1_42' title='bbox 882 963 1024 1014; x_wconf 87' lang='lat' dir='ltr'>Deus</span> <span class='ocrx_word' id='word_1_43' title='bbox 1074 969 1187 1014; x_wconf 90' lang='lat' dir='ltr'>“ut</span> <span class='ocrx_word' id='word_1_44' title='bbox 1212 966 1551 1033; x_wconf 87' lang='lat' dir='ltr'>septuaginta</span> <span class='ocrx_word' id='word_1_45' title='bbox 1588 966 1722 1016; x_wconf 90' lang='lat' dir='ltr'>viros</span> <span class='ocrx_word' id='word_1_46' title='bbox 1757 966 1822 1017; x_wconf 92' lang='lat' dir='ltr'>de</span> <span class='ocrx_word' id='word_1_47' title='bbox 1847 968 2087 1016; x_wconf 87' lang='lat' dir='ltr'>universo</span> 
     </span>
     <span class='ocr_line' id='line_1_7' title="bbox 185 1049 2084 1119; baseline 0.001 -18"><span class='ocrx_word' id='word_1_48' title='bbox 185 1049 345 1101; x_wconf 88' lang='lat' dir='ltr'>Israel</span> <span class='ocrx_word' id='word_1_49' title='bbox 394 1050 452 1100; x_wconf 92' lang='lat' dir='ltr'>in</span> <span class='ocrx_word' id='word_1_50' title='bbox 500 1049 826 1117; x_wconf 89' lang='lat' dir='ltr'>adjutorium</span> <span class='ocrx_word' id='word_1_51' title='bbox 877 1066 1030 1100; x_wconf 88' lang='lat' dir='ltr'>suum</span> <span class='ocrx_word' id='word_1_52' title='bbox 1086 1050 1322 1118; x_wconf 87' lang='lat' dir='ltr'>eligeret,</span> <span class='ocrx_word' id='word_1_53' title='bbox 1370 1050 1563 1118; x_wconf 88' lang='lat' dir='ltr'>quibus</span> <span class='ocrx_word' id='word_1_54' title='bbox 1618 1050 1848 1119; x_wconf 78' lang='lat' dir='ltr'>Spiritus</span> <span class='ocrx_word' id='word_1_55' title='bbox 1905 1052 2084 1103; x_wconf 83' lang='lat' dir='ltr'>Sancti</span> 
     </span>
     <span class='ocr_line' id='line_1_8' title="bbox 185 1133 2089 1205; baseline -0.001 -18"><span class='ocrx_word' id='word_1_56' title='bbox 185 1136 323 1187; x_wconf 92' lang='lat' dir='ltr'>dona</span> <span class='ocrx_word' id='word_1_57' title='bbox 359 1133 665 1197; x_wconf 87' lang='lat' dir='ltr'>divideret,’&#39;</span> <span class='ocrx_word' id='word_1_58' title='bbox 702 1134 783 1184; x_wconf 89' lang='lat' dir='ltr'>ita</span> <span class='ocrx_word' id='word_1_59' title='bbox 819 1133 1076 1185; x_wconf 87' lang='lat' dir='ltr'>Dominus</span> <span class='ocrx_word' id='word_1_60' title='bbox 1112 1133 1147 1184; x_wconf 87' lang='lat' dir='ltr'><strong>J</strong></span> <span class='ocrx_word' id='word_1_61' title='bbox 1151 1152 1265 1185; x_wconf 89' lang='lat' dir='ltr'>esus</span> <span class='ocrx_word' id='word_1_62' title='bbox 1303 1136 1517 1186; x_wconf 91' lang='lat' dir='ltr'>secundi</span> <span class='ocrx_word' id='word_1_63' title='bbox 1542 1137 1739 1186; x_wconf 84' lang='lat' dir='ltr'>ordinis</span> <span class='ocrx_word' id='word_1_64' title='bbox 1762 1137 1922 1203; x_wconf 87' lang='lat' dir='ltr'>elegit</span> <span class='ocrx_word' id='word_1_65' title='bbox 1952 1155 2089 1205; x_wconf 84' lang='lat' dir='ltr'>pres-</span> 
     </span>
     <span class='ocr_line' id='line_1_9' title="bbox 184 1219 2089 1290; baseline -0.001 -18"><span class='ocrx_word' id='word_1_66' title='bbox 184 1221 390 1290; x_wconf 74' lang='lat' dir='ltr'>byteros</span> <span class='ocrx_word' id='word_1_67' title='bbox 448 1220 508 1270; x_wconf 91' lang='lat' dir='ltr'>in</span> <span class='ocrx_word' id='word_1_68' title='bbox 567 1219 894 1287; x_wconf 83' lang='lat' dir='ltr'>adjutorium</span> <span class='ocrx_word' id='word_1_69' title='bbox 954 1219 1344 1286; x_wconf 81' lang='lat' dir='ltr'><strong>Apostolorum,</strong></span> <span class='ocrx_word' id='word_1_70' title='bbox 1402 1220 1781 1288; x_wconf 90' lang='lat' dir='ltr'>Episcoporum</span> <span class='ocrx_word' id='word_1_71' title='bbox 1842 1222 2089 1272; x_wconf 78' lang='lat' dir='ltr'>videlicet</span> 
     </span>
     <span class='ocr_line' id='line_1_10' title="bbox 186 1304 2085 1367; baseline -0.001 -10"><span class='ocrx_word' id='word_1_72' title='bbox 186 1304 594 1367; x_wconf 72' lang='lat' dir='ltr'>catholicorum,</span> <span class='ocrx_word' id='word_1_73' title='bbox 618 1308 684 1355; x_wconf 91' lang='lat' dir='ltr'>ut</span> <span class='ocrx_word' id='word_1_74' title='bbox 707 1304 1002 1355; x_wconf 84' lang='lat' dir='ltr'>Ecclesiam</span> <span class='ocrx_word' id='word_1_75' title='bbox 1028 1322 1178 1355; x_wconf 91' lang='lat' dir='ltr'>suam</span> <span class='ocrx_word' id='word_1_76' title='bbox 1216 1310 1249 1336; x_wconf 89' lang='lat'><strong>“</strong></span> <span class='ocrx_word' id='word_1_77' title='bbox 1266 1306 1419 1356; x_wconf 91' lang='lat' dir='ltr'>verbo</span> <span class='ocrx_word' id='word_1_78' title='bbox 1453 1306 1612 1356; x_wconf 89' lang='lat' dir='ltr'>simul</span> <span class='ocrx_word' id='word_1_79' title='bbox 1638 1312 1693 1356; x_wconf 88' lang='lat' dir='ltr'>et</span> <span class='ocrx_word' id='word_1_80' title='bbox 1717 1307 1858 1357; x_wconf 87' lang='lat' dir='ltr'>facto</span> <span class='ocrx_word' id='word_1_81' title='bbox 1882 1308 2085 1357; x_wconf 76' lang='lat' dir='ltr'>doceret</span> 
     </span>
     <span class='ocr_line' id='line_1_11' title="bbox 185 1390 2090 1460; baseline 0.001 -19"><span class='ocrx_word' id='word_1_82' title='bbox 185 1390 454 1442; x_wconf 90' lang='lat' dir='ltr'>ministros</span> <span class='ocrx_word' id='word_1_83' title='bbox 503 1390 770 1441; x_wconf 85' lang='lat' dir='ltr'>Ecclesiae</span> <span class='ocrx_word' id='word_1_84' title='bbox 818 1406 942 1441; x_wconf 89' lang='lat' dir='ltr'>suae</span> <span class='ocrx_word' id='word_1_85' title='bbox 989 1390 1094 1441; x_wconf 85' lang='lat' dir='ltr'>fide</span> <span class='ocrx_word' id='word_1_86' title='bbox 1141 1395 1194 1441; x_wconf 87' lang='lat' dir='ltr'>et</span> <span class='ocrx_word' id='word_1_87' title='bbox 1245 1408 1399 1459; x_wconf 89' lang='lat' dir='ltr'>opere</span> <span class='ocrx_word' id='word_1_88' title='bbox 1440 1392 1626 1442; x_wconf 89' lang='lat' dir='ltr'>debere</span> <span class='ocrx_word' id='word_1_89' title='bbox 1668 1409 1775 1442; x_wconf 89' lang='lat' dir='ltr'>esse</span> <span class='ocrx_word' id='word_1_90' title='bbox 1818 1393 2090 1460; x_wconf 79' lang='lat' dir='ltr'>perfectOS,</span> 
     </span>
     <span class='ocr_line' id='line_1_12' title="bbox 187 1472 2093 1545; baseline 0 -18"><span class='ocrx_word' id='word_1_91' title='bbox 187 1492 278 1527; x_wconf 85' lang='lat' dir='ltr'>seu</span> <span class='ocrx_word' id='word_1_92' title='bbox 319 1476 563 1545; x_wconf 89' lang='lat' dir='ltr'>geminae</span> <span class='ocrx_word' id='word_1_93' title='bbox 604 1472 927 1539; x_wconf 73' lang='lat' dir='ltr'>dilectionis,</span> <span class='ocrx_word' id='word_1_94' title='bbox 960 1475 1062 1526; x_wconf 93' lang='lat' dir='ltr'>Dei</span> <span class='ocrx_word' id='word_1_95' title='bbox 1100 1476 1305 1527; x_wconf 89' lang='lat' dir='ltr'>scilicet</span> <span class='ocrx_word' id='word_1_96' title='bbox 1344 1481 1400 1527; x_wconf 89' lang='lat' dir='ltr'>et</span> <span class='ocrx_word' id='word_1_97' title='bbox 1441 1477 1687 1544; x_wconf 81' lang='lat' dir='ltr'>proximi,</span> <span class='ocrx_word' id='word_1_98' title='bbox 1731 1478 1929 1527; x_wconf 81' lang='lat' dir='ltr'>virtute</span> <span class='ocrx_word' id='word_1_99' title='bbox 1973 1478 2093 1527; x_wconf 86' lang='lat' dir='ltr'>fun-</span> 
     </span>
     <span class='ocr_line' id='line_1_13' title="bbox 186 1560 2091 1631; baseline -0.001 -18"><span class='ocrx_word' id='word_1_100' title='bbox 186 1560 412 1613; x_wconf 77' lang='lat' dir='ltr'>datos.’·⁸</span> <span class='ocrx_word' id='word_1_101' title='bbox 499 1560 674 1611; x_wconf 91' lang='lat' dir='ltr'>Electi</span> <span class='ocrx_word' id='word_1_102' title='bbox 709 1562 854 1611; x_wconf 91' lang='lat' dir='ltr'>enim</span> <span class='ocrx_word' id='word_1_103' title='bbox 892 1565 1018 1612; x_wconf 90' lang='lat' dir='ltr'>sunt</span> <span class='ocrx_word' id='word_1_104' title='bbox 1053 1578 1085 1611; x_wconf 95' lang='lat' dir='ltr'>a</span> <span class='ocrx_word' id='word_1_105' title='bbox 1121 1560 1250 1624; x_wconf 90' lang='lat' dir='ltr'>Deo,</span> <span class='ocrx_word' id='word_1_106' title='bbox 1275 1567 1338 1611; x_wconf 92' lang='lat' dir='ltr'>ut</span> <span class='ocrx_word' id='word_1_107' title='bbox 1374 1562 1589 1613; x_wconf 88' lang='lat' dir='ltr'>coelesti</span> <span class='ocrx_word' id='word_1_108' title='bbox 1615 1564 1892 1630; x_wconf 77' lang='lat' dir='ltr'>sapientia,</span> <span class='ocrx_word' id='word_1_109' title='bbox 1917 1564 2091 1631; x_wconf 82' lang='lat' dir='ltr'>probis</span> 
     </span>
     <span class='ocr_line' id='line_1_14' title="bbox 186 1646 2093 1715; baseline 0.001 -18"><span class='ocrx_word' id='word_1_110' title='bbox 186 1646 434 1710; x_wconf 89' lang='lat' dir='ltr'>moribus,</span> <span class='ocrx_word' id='word_1_111' title='bbox 470 1649 528 1697; x_wconf 88' lang='lat' dir='ltr'>et</span> <span class='ocrx_word' id='word_1_112' title='bbox 567 1646 822 1697; x_wconf 90' lang='lat' dir='ltr'>diuturna</span> <span class='ocrx_word' id='word_1_113' title='bbox 856 1646 1105 1714; x_wconf 87' lang='lat' dir='ltr'>justitiae</span> <span class='ocrx_word' id='word_1_114' title='bbox 1146 1647 1477 1697; x_wconf 89' lang='lat' dir='ltr'>observantia</span> <span class='ocrx_word' id='word_1_115' title='bbox 1525 1649 1900 1711; x_wconf 88' lang='lat' dir='ltr'>commendati,</span> <span class='ocrx_word' id='word_1_116' title='bbox 1949 1654 1982 1678; x_wconf 78' lang='lat'>‘⁶</span> <span class='ocrx_word' id='word_1_117' title='bbox 2003 1666 2093 1715; x_wconf 91' lang='lat' dir='ltr'>per</span> 
     </span>
     <span class='ocr_line' id='line_1_15' title="bbox 187 1731 2092 1801; baseline -0.001 -18"><span class='ocrx_word' id='word_1_118' title='bbox 187 1731 449 1799; x_wconf 90' lang='lat' dir='ltr'>Spiritum</span> <span class='ocrx_word' id='word_1_119' title='bbox 493 1732 853 1799; x_wconf 86' lang='lat' dir='ltr'>septiformem</span> <span class='ocrx_word' id='word_1_120' title='bbox 896 1732 1210 1799; x_wconf 86' lang='lat' dir='ltr'>decalogum</span> <span class='ocrx_word' id='word_1_121' title='bbox 1253 1732 1387 1800; x_wconf 90' lang='lat' dir='ltr'>legis</span> <span class='ocrx_word' id='word_1_122' title='bbox 1431 1734 1805 1796; x_wconf 83' lang='lat' dir='ltr'>custodienteS,</span> <span class='ocrx_word' id='word_1_123' title='bbox 1844 1734 1993 1801; x_wconf 87' lang='lat' dir='ltr'>probi</span> <span class='ocrx_word' id='word_1_124' title='bbox 2038 1741 2092 1784; x_wconf 82' lang='lat' dir='ltr'>et</span> 
     </span>
     <span class='ocr_line' id='line_1_16' title="bbox 186 1819 2093 1888; baseline 0 -18"><span class='ocrx_word' id='word_1_125' title='bbox 186 1819 384 1870; x_wconf 89' lang='lat' dir='ltr'>maturi</span> <span class='ocrx_word' id='word_1_126' title='bbox 408 1819 466 1870; x_wconf 89' lang='lat' dir='ltr'>in</span> <span class='ocrx_word' id='word_1_127' title='bbox 491 1820 713 1870; x_wconf 88' lang='lat' dir='ltr'>scientia</span> <span class='ocrx_word' id='word_1_128' title='bbox 728 1819 756 1843; x_wconf 89' lang='lat'>&#39;’</span> <span class='ocrx_word' id='word_1_129' title='bbox 782 1820 892 1870; x_wconf 91' lang='lat' dir='ltr'>sint</span> <span class='ocrx_word' id='word_1_130' title='bbox 917 1824 951 1850; x_wconf 75' lang='lat'>‘⁶</span> <span class='ocrx_word' id='word_1_131' title='bbox 967 1824 1023 1871; x_wconf 91' lang='lat' dir='ltr'>et</span> <span class='ocrx_word' id='word_1_132' title='bbox 1047 1821 1105 1870; x_wconf 91' lang='lat' dir='ltr'>in</span> <span class='ocrx_word' id='word_1_133' title='bbox 1130 1820 1332 1888; x_wconf 91' lang='lat' dir='ltr'>opere,&#39;&#39;</span> <span class='ocrx_word' id='word_1_134' title='bbox 1353 1826 1408 1872; x_wconf 93' lang='lat' dir='ltr'>et</span> <span class='ocrx_word' id='word_1_135' title='bbox 1430 1825 1495 1871; x_wconf 92' lang='lat' dir='ltr'>ut</span> <span class='ocrx_word' id='word_1_136' title='bbox 1520 1821 1576 1870; x_wconf 93' lang='lat' dir='ltr'>in</span> <span class='ocrx_word' id='word_1_137' title='bbox 1602 1821 1834 1871; x_wconf 88' lang='lat' dir='ltr'>moribus</span> <span class='ocrx_word' id='word_1_138' title='bbox 1870 1826 1904 1850; x_wconf 76' lang='lat'>‘⁶</span> <span class='ocrx_word' id='word_1_139' title='bbox 1920 1827 2093 1871; x_wconf 86' lang='lat' dir='ltr'>castae</span> 
     </span>
     <span class='ocr_line' id='line_1_17' title="bbox 188 1906 2094 1974; baseline -0.001 -18"><span class='ocrx_word' id='word_1_140' title='bbox 188 1908 244 1956; x_wconf 91' lang='lat' dir='ltr'>et</span> <span class='ocrx_word' id='word_1_141' title='bbox 268 1908 479 1955; x_wconf 89' lang='lat' dir='ltr'>sanctae</span> <span class='ocrx_word' id='word_1_142' title='bbox 502 1907 646 1956; x_wconf 89' lang='lat' dir='ltr'>vitae</span> <span class='ocrx_word' id='word_1_143' title='bbox 681 1906 1048 1974; x_wconf 82' lang='lat' dir='ltr'>integritatem</span> <span class='ocrx_word' id='word_1_144' title='bbox 1063 1906 1091 1930; x_wconf 89' lang='lat'>’&#39;</span> <span class='ocrx_word' id='word_1_145' title='bbox 1129 1910 1352 1970; x_wconf 87' lang='lat' dir='ltr'>servent,</span> <span class='ocrx_word' id='word_1_146' title='bbox 1385 1910 1442 1957; x_wconf 92' lang='lat' dir='ltr'>et</span> <span class='ocrx_word' id='word_1_147' title='bbox 1478 1906 1683 1957; x_wconf 90' lang='lat' dir='ltr'>eluceat</span> <span class='ocrx_word' id='word_1_148' title='bbox 1719 1907 1777 1956; x_wconf 93' lang='lat' dir='ltr'>in</span> <span class='ocrx_word' id='word_1_149' title='bbox 1814 1907 1889 1957; x_wconf 92' lang='lat' dir='ltr'>eis</span> <span class='ocrx_word' id='word_1_150' title='bbox 1928 1907 2094 1957; x_wconf 83' lang='lat' dir='ltr'>totius</span> 
     </span>
     <span class='ocr_line' id='line_1_18' title="bbox 187 1989 658 2059; baseline -0.002 -17"><span class='ocrx_word' id='word_1_151' title='bbox 187 1991 354 2043; x_wconf 87' lang='lat' dir='ltr'>forma</span> <span class='ocrx_word' id='word_1_152' title='bbox 376 1989 658 2059; x_wconf 63' lang='lat' dir='ltr'>justit-iae*</span> 
     </span>
    </p>
   </div>
   <div class='ocr_carea' id='block_1_3' title="bbox 188 2134 2097 3060">
    <p class='ocr_par' dir='ltr' id='par_1_3' title="bbox 188 2134 2097 3060">
     <span class='ocr_line' id='line_1_19' title="bbox 331 2134 2096 2203; baseline 0 -17"><span class='ocrx_word' id='word_1_153' title='bbox 331 2139 382 2187; x_wconf 90' lang='grc'>2.</span> <span class='ocrx_word' id='word_1_154' title='bbox 419 2135 770 2186; x_wconf 90' lang='lat' dir='ltr'>Meminerint</span> <span class='ocrx_word' id='word_1_155' title='bbox 818 2151 940 2203; x_wconf 90' lang='lat' dir='ltr'>ergo</span> <span class='ocrx_word' id='word_1_156' title='bbox 989 2134 1277 2185; x_wconf 80' lang='lat' dir='ltr'>sacerdotes</span> <span class='ocrx_word' id='word_1_157' title='bbox 1324 2135 1383 2184; x_wconf 92' lang='lat' dir='ltr'>in</span> <span class='ocrx_word' id='word_1_158' title='bbox 1430 2134 1506 2184; x_wconf 92' lang='lat' dir='ltr'>eis</span> <span class='ocrx_word' id='word_1_159' title='bbox 1555 2134 1895 2185; x_wconf 82' lang='lat' dir='ltr'>sanctitatem</span> <span class='ocrx_word' id='word_1_160' title='bbox 1951 2152 2096 2202; x_wconf 85' lang='lat' dir='ltr'>prae—</span> 
     </span>
     <span class='ocr_line' id='line_1_20' title="bbox 189 2220 2095 2291; baseline -0.002 -17"><span class='ocrx_word' id='word_1_161' title='bbox 189 2222 432 2291; x_wconf 89' lang='lat' dir='ltr'>supponi.</span> <span class='ocrx_word' id='word_1_162' title='bbox 494 2226 527 2251; x_wconf 90' lang='lat'><strong>“</strong></span> <span class='ocrx_word' id='word_1_163' title='bbox 544 2221 825 2271; x_wconf 84' lang='lat' dir='ltr'>Enimvero</span> <span class='ocrx_word' id='word_1_164' title='bbox 844 2220 986 2288; x_wconf 91' lang='lat' dir='ltr'>quod</span> <span class='ocrx_word' id='word_1_165' title='bbox 1004 2220 1071 2271; x_wconf 92' lang='lat' dir='ltr'>ad</span> <span class='ocrx_word' id='word_1_166' title='bbox 1091 2237 1257 2270; x_wconf 91' lang='lat' dir='ltr'>sacros</span> <span class='ocrx_word' id='word_1_167' title='bbox 1276 2220 1481 2271; x_wconf 85' lang='lat' dir='ltr'>ordines</span> <span class='ocrx_word' id='word_1_168' title='bbox 1500 2221 1855 2287; x_wconf 91' lang='lat' dir='ltr'>suscipiendos</span> <span class='ocrx_word' id='word_1_169' title='bbox 1874 2221 2095 2271; x_wconf 88' lang='lat' dir='ltr'>minime</span> 
     </span>
     <span class='ocr_line' id='line_1_21' title="bbox 190 2304 2096 2376; baseline -0.002 -17"><span class='ocrx_word' id='word_1_170' title='bbox 190 2307 419 2359; x_wconf 89' lang='lat' dir='ltr'>sufficiat</span> <span class='ocrx_word' id='word_1_171' title='bbox 443 2306 667 2374; x_wconf 87' lang='lat' dir='ltr'>simplex</span> <span class='ocrx_word' id='word_1_172' title='bbox 699 2306 874 2376; x_wconf 90' lang='lat' dir='ltr'>gratia</span> <span class='ocrx_word' id='word_1_173' title='bbox 907 2304 1259 2368; x_wconf 83' lang='lat' dir='ltr'>sanctificanS,</span> <span class='ocrx_word' id='word_1_174' title='bbox 1285 2305 1374 2355; x_wconf 90' lang='lat' dir='ltr'>sed</span> <span class='ocrx_word' id='word_1_175' title='bbox 1399 2304 1538 2355; x_wconf 86' lang='lat' dir='ltr'>ultra</span> <span class='ocrx_word' id='word_1_176' title='bbox 1562 2305 1855 2372; x_wconf 84' lang='lat' dir='ltr'>requiratur</span> <span class='ocrx_word' id='word_1_177' title='bbox 1878 2305 2096 2356; x_wconf 84' lang='lat' dir='ltr'>interior</span> 
     </span>
     <span class='ocr_line' id='line_1_22' title="bbox 189 2389 2097 2461; baseline -0.002 -17"><span class='ocrx_word' id='word_1_178' title='bbox 189 2392 458 2461; x_wconf 88' lang='lat' dir='ltr'>perfecti0,</span> <span class='ocrx_word' id='word_1_179' title='bbox 497 2395 705 2451; x_wconf 87' lang='lat' dir='ltr'>constat</span> <span class='ocrx_word' id='word_1_180' title='bbox 743 2408 806 2442; x_wconf 86' lang='lat' dir='ltr'>ex</span> <span class='ocrx_word' id='word_1_181' title='bbox 846 2408 1101 2443; x_wconf 90' lang='lat' dir='ltr'>consensu</span> <span class='ocrx_word' id='word_1_182' title='bbox 1143 2390 1416 2441; x_wconf 91' lang='lat' dir='ltr'>communi</span> <span class='ocrx_word' id='word_1_183' title='bbox 1460 2389 1552 2441; x_wconf 90' lang='lat' dir='ltr'>SS.</span> <span class='ocrx_word' id='word_1_184' title='bbox 1597 2390 1821 2441; x_wconf 92' lang='lat' dir='ltr'>Patrum</span> <span class='ocrx_word' id='word_1_185' title='bbox 1865 2396 1918 2441; x_wconf 90' lang='lat' dir='ltr'>et</span> <span class='ocrx_word' id='word_1_186' title='bbox 1961 2390 2097 2441; x_wconf 89' lang='lat' dir='ltr'>Doc-</span> 
     </span>
     <span class='ocr_line' id='line_1_23' title="bbox 188 2474 2096 2546; baseline -0.001 -17"><span class='ocrx_word' id='word_1_187' title='bbox 188 2483 384 2542; x_wconf 89' lang='lat' dir='ltr'>torum,</span> <span class='ocrx_word' id='word_1_188' title='bbox 419 2478 514 2546; x_wconf 90' lang='lat' dir='ltr'>qui</span> <span class='ocrx_word' id='word_1_189' title='bbox 550 2494 657 2528; x_wconf 90' lang='grc'>11110</span> <span class='ocrx_word' id='word_1_190' title='bbox 682 2494 769 2527; x_wconf 90' lang='lat' dir='ltr'>ore</span> <span class='ocrx_word' id='word_1_191' title='bbox 805 2476 957 2527; x_wconf 92' lang='lat' dir='ltr'>illam</span> <span class='ocrx_word' id='word_1_192' title='bbox 988 2474 1365 2545; x_wconf 82' lang='lat' dir='ltr'>efflagitant.”⁵</span> <span class='ocrx_word' id='word_1_193' title='bbox 1457 2475 1650 2527; x_wconf 90' lang='lat' dir='ltr'>Nullus</span> <span class='ocrx_word' id='word_1_194' title='bbox 1674 2480 1855 2526; x_wconf 90' lang='lat' dir='ltr'>autem</span> <span class='ocrx_word' id='word_1_195' title='bbox 1881 2477 2096 2528; x_wconf 91' lang='lat' dir='ltr'>omnino</span> 
     </span>
     <span class='ocr_line' id='line_1_24' title="bbox 191 2562 2096 2632; baseline -0.002 -17"><span class='ocrx_word' id='word_1_196' title='bbox 191 2565 492 2616; x_wconf 88' lang='lat' dir='ltr'>sanctitatis</span> <span class='ocrx_word' id='word_1_197' title='bbox 529 2564 724 2632; x_wconf 90' lang='lat' dir='ltr'>gradus</span> <span class='ocrx_word' id='word_1_198' title='bbox 764 2562 1075 2615; x_wconf 90' lang='lat' dir='ltr'>sacerdotali</span> <span class='ocrx_word' id='word_1_199' title='bbox 1110 2563 1422 2630; x_wconf 88' lang='lat' dir='ltr'>perfectioni</span> <span class='ocrx_word' id='word_1_200' title='bbox 1459 2580 1718 2631; x_wconf 89' lang='lat' dir='ltr'>congruus</span> <span class='ocrx_word' id='word_1_201' title='bbox 1755 2563 1823 2613; x_wconf 89' lang='lat' dir='ltr'>ab</span> <span class='ocrx_word' id='word_1_202' title='bbox 1861 2563 2096 2614; x_wconf 85' lang='lat' dir='ltr'>Ecclesia</span> 
     </span>
     <span class='ocr_line' id='line_1_25' title="bbox 189 2647 2097 2716; baseline -0.001 -15"><span class='ocrx_word' id='word_1_203' title='bbox 189 2651 307 2714; x_wconf 93' lang='lat' dir='ltr'>Dei,</span> <span class='ocrx_word' id='word_1_204' title='bbox 347 2654 404 2702; x_wconf 92' lang='lat' dir='ltr'>et</span> <span class='ocrx_word' id='word_1_205' title='bbox 441 2667 474 2701; x_wconf 92' lang='lat' dir='ltr'>a</span> <span class='ocrx_word' id='word_1_206' title='bbox 512 2650 625 2701; x_wconf 93' lang='lat' dir='ltr'>Deo</span> <span class='ocrx_word' id='word_1_207' title='bbox 665 2649 943 2701; x_wconf 91' lang='lat' dir='ltr'>sacerdotii</span> <span class='ocrx_word' id='word_1_208' title='bbox 982 2648 1213 2699; x_wconf 88' lang='lat' dir='ltr'>Auctore</span> <span class='ocrx_word' id='word_1_209' title='bbox 1243 2647 1596 2716; x_wconf 89' lang='lat' dir='ltr'>judicabitur,</span> <span class='ocrx_word' id='word_1_210' title='bbox 1632 2648 1737 2698; x_wconf 92' lang='lat' dir='ltr'>nisi</span> <span class='ocrx_word' id='word_1_211' title='bbox 1775 2650 1867 2715; x_wconf 88' lang='lat' dir='ltr'>qui</span> <span class='ocrx_word' id='word_1_212' title='bbox 1911 2666 2097 2716; x_wconf 90' lang='lat' dir='ltr'>quam-</span> 
     </span>
     <span class='ocr_line' id='line_1_26' title="bbox 190 2732 2092 2801; baseline -0.003 -13"><span class='ocrx_word' id='word_1_213' title='bbox 190 2738 313 2788; x_wconf 82' lang='lat' dir='ltr'>dam</span> <span class='ocrx_word' id='word_1_214' title='bbox 340 2736 552 2788; x_wconf 89' lang='lat' dir='ltr'>Summi</span> <span class='ocrx_word' id='word_1_215' title='bbox 578 2734 876 2787; x_wconf 84' lang='lat' dir='ltr'>Sacerdotis</span> <span class='ocrx_word' id='word_1_216' title='bbox 899 2734 1120 2787; x_wconf 91' lang='lat' dir='ltr'>Domini</span> <span class='ocrx_word' id='word_1_217' title='bbox 1144 2734 1312 2785; x_wconf 89' lang='lat' dir='ltr'>nostri</span> <span class='ocrx_word' id='word_1_218' title='bbox 1338 2733 1372 2784; x_wconf 86' lang='lat' dir='ltr'><strong>J</strong></span> <span class='ocrx_word' id='word_1_219' title='bbox 1376 2751 1465 2784; x_wconf 89' lang='lat' dir='ltr'>esu</span> <span class='ocrx_word' id='word_1_220' title='bbox 1493 2732 1689 2784; x_wconf 88' lang='lat' dir='ltr'>Christi</span> <span class='ocrx_word' id='word_1_221' title='bbox 1722 2751 1845 2801; x_wconf 88' lang='lat' dir='ltr'>prae</span> <span class='ocrx_word' id='word_1_222' title='bbox 1878 2751 1932 2785; x_wconf 90' lang='lat' dir='ltr'>se</span> <span class='ocrx_word' id='word_1_223' title='bbox 1967 2736 2092 2785; x_wconf 79' lang='lat' dir='ltr'>ferat</span> 
     </span>
     <span class='ocr_line' id='line_1_27' title="bbox 188 2818 2097 2887; baseline -0.002 -14"><span class='ocrx_word' id='word_1_224' title='bbox 188 2820 617 2873; x_wconf 87' lang='lat' dir='ltr'>similitudinem.</span> <span class='ocrx_word' id='word_1_225' title='bbox 715 2819 876 2870; x_wconf 88' lang='lat' dir='ltr'>Vitae</span> <span class='ocrx_word' id='word_1_226' title='bbox 944 2819 1089 2870; x_wconf 89' lang='lat' dir='ltr'>enim</span> <span class='ocrx_word' id='word_1_227' title='bbox 1150 2818 1186 2870; x_wconf 90' lang='lat' dir='ltr'><strong>J</strong></span> <span class='ocrx_word' id='word_1_228' title='bbox 1188 2836 1279 2870; x_wconf 92' lang='lat' dir='ltr'>esu</span> <span class='ocrx_word' id='word_1_229' title='bbox 1328 2819 1469 2868; x_wconf 90' lang='lat' dir='ltr'>inter</span> <span class='ocrx_word' id='word_1_230' title='bbox 1517 2818 1829 2870; x_wconf 85' lang='lat' dir='ltr'>solitudines</span> <span class='ocrx_word' id='word_1_231' title='bbox 1877 2836 2097 2887; x_wconf 91' lang='lat' dir='ltr'>pauper-</span> 
     </span>
     <span class='ocr_line' id='line_1_28' title="bbox 189 2903 2096 2975; baseline -0.002 -17"><span class='ocrx_word' id='word_1_232' title='bbox 189 2908 424 2974; x_wconf 87' lang='lat' dir='ltr'>tatisque</span> <span class='ocrx_word' id='word_1_233' title='bbox 484 2905 758 2975; x_wconf 89' lang='lat' dir='ltr'>angustias</span> <span class='ocrx_word' id='word_1_234' title='bbox 817 2904 1123 2967; x_wconf 91' lang='lat' dir='ltr'>laborantis,</span> <span class='ocrx_word' id='word_1_235' title='bbox 1186 2908 1243 2955; x_wconf 87' lang='lat' dir='ltr'>et·</span> <span class='ocrx_word' id='word_1_236' title='bbox 1311 2903 1590 2954; x_wconf 92' lang='lat' dir='ltr'>hominum</span> <span class='ocrx_word' id='word_1_237' title='bbox 1656 2905 2096 2956; x_wconf 88' lang='lat' dir='ltr'>contradictiones</span> 
     </span>
     <span class='ocr_line' id='line_1_29' title="bbox 188 2988 2094 3060; baseline -0.002 -17"><span class='ocrx_word' id='word_1_238' title='bbox 188 2992 462 3060; x_wconf 84' lang='lat' dir='ltr'>patientiS,</span> <span class='ocrx_word' id='word_1_239' title='bbox 487 2991 610 3041; x_wconf 88' lang='lat' dir='ltr'>viva</span> <span class='ocrx_word' id='word_1_240' title='bbox 632 2990 814 3058; x_wconf 87' lang='lat' dir='ltr'>imago</span> <span class='ocrx_word' id='word_1_241' title='bbox 838 2989 897 3039; x_wconf 91' lang='lat' dir='ltr'>in</span> <span class='ocrx_word' id='word_1_242' title='bbox 922 2993 1208 3057; x_wconf 91' lang='lat' dir='ltr'>conspectu</span> <span class='ocrx_word' id='word_1_243' title='bbox 1239 2988 1429 3039; x_wconf 92' lang='lat' dir='ltr'>mundi</span> <span class='ocrx_word' id='word_1_244' title='bbox 1466 2989 1811 3039; x_wconf 88' lang='lat' dir='ltr'>constituitur</span> <span class='ocrx_word' id='word_1_245' title='bbox 1846 2991 2094 3040; x_wconf 73' lang='lat' dir='ltr'>sacerdos,</span> 
     </span>
    </p>
   </div>
   <div class='ocr_carea' id='block_1_4' title="bbox 335 3133 2095 3204">
    <p class='ocr_par' dir='ltr' id='par_1_4' title="bbox 335 3133 2095 3204">
     <span class='ocr_line' id='line_1_30' title="bbox 335 3133 2095 3204; baseline -0.002 -16"><span class='ocrx_word' id='word_1_246' title='bbox 335 3141 385 3190; x_wconf 91' lang='lat'>3.</span> <span class='ocrx_word' id='word_1_247' title='bbox 424 3136 774 3198; x_wconf 85' lang='lat' dir='ltr'>Quamobrem</span> <span class='ocrx_word' id='word_1_248' title='bbox 811 3135 1089 3187; x_wconf 88' lang='lat' dir='ltr'>sacerdotii</span> <span class='ocrx_word' id='word_1_249' title='bbox 1144 3135 1380 3204; x_wconf 87' lang='lat' dir='ltr'>dignitas</span> <span class='ocrx_word' id='word_1_250' title='bbox 1427 3151 1491 3184; x_wconf 87' lang='lat' dir='ltr'>ex</span> <span class='ocrx_word' id='word_1_251' title='bbox 1541 3133 1743 3200; x_wconf 89' lang='lat' dir='ltr'>duplici</span> <span class='ocrx_word' id='word_1_252' title='bbox 1792 3135 2095 3200; x_wconf 83' lang='lat' dir='ltr'>praesertim</span> 
     </span>
    </p>
   </div>
   <div class='ocr_carea' id='block_1_5' title="bbox 189 3227 2095 3389">
    <p class='ocr_par' dir='ltr' id='par_1_5' title="bbox 189 3227 2095 3389">
     <span class='ocr_line' id='line_1_31' title="bbox 189 3227 2095 3283; baseline -0.002 -1"><span class='ocrx_word' id='word_1_253' title='bbox 189 3232 391 3283; x_wconf 89' lang='lat' dir='ltr'>ratione</span> <span class='ocrx_word' id='word_1_254' title='bbox 440 3229 763 3281; x_wconf 91' lang='lat' dir='ltr'>desumenda</span> <span class='ocrx_word' id='word_1_255' title='bbox 813 3234 909 3280; x_wconf 89' lang='lat' dir='ltr'>est.</span> <span class='ocrx_word' id='word_1_256' title='bbox 1016 3228 1320 3281; x_wconf 83' lang='lat' dir='ltr'>Sacerdotes</span> <span class='ocrx_word' id='word_1_257' title='bbox 1370 3228 1514 3278; x_wconf 91' lang='lat' dir='ltr'>enim</span> <span class='ocrx_word' id='word_1_258' title='bbox 1565 3231 1688 3277; x_wconf 83' lang='lat' dir='ltr'>sunt</span> <span class='ocrx_word' id='word_1_259' title='bbox 1738 3227 1918 3277; x_wconf 76' lang='lat' dir='ltr'>dilecti</span> <span class='ocrx_word' id='word_1_260' title='bbox 1968 3227 2003 3278; x_wconf 89' lang='lat' dir='ltr'>J</span> <span class='ocrx_word' id='word_1_261' title='bbox 2006 3245 2095 3278; x_wconf 88' lang='lat' dir='ltr'>esu</span> 
     </span>
     <span class='ocr_line' id='line_1_32' title="bbox 190 3316 2095 3389; baseline -0.003 -16"><span class='ocrx_word' id='word_1_262' title='bbox 190 3322 338 3385; x_wconf 90' lang='lat' dir='ltr'>socii,</span> <span class='ocrx_word' id='word_1_263' title='bbox 380 3320 655 3389; x_wconf 91' lang='lat' dir='ltr'>Ipsiusque</span> <span class='ocrx_word' id='word_1_264' title='bbox 703 3318 969 3370; x_wconf 91' lang='lat' dir='ltr'>missionis</span> <span class='ocrx_word' id='word_1_265' title='bbox 1018 3335 1050 3368; x_wconf 94' lang='lat' dir='ltr'>a</span> <span class='ocrx_word' id='word_1_266' title='bbox 1098 3318 1257 3369; x_wconf 90' lang='lat' dir='ltr'>Patre</span> <span class='ocrx_word' id='word_1_267' title='bbox 1305 3317 1460 3367; x_wconf 90' lang='lat' dir='ltr'>datae</span> <span class='ocrx_word' id='word_1_268' title='bbox 1508 3320 1713 3383; x_wconf 86' lang='lat' dir='ltr'>partem</span> <span class='ocrx_word' id='word_1_269' title='bbox 1763 3316 2095 3383; x_wconf 76' lang='lat' dir='ltr'>accipientes,</span> 
     </span>
    </p>
   </div>
   <div class='ocr_carea' id='block_1_6' title="bbox 479 3486 1811 3603">
    <p class='ocr_par' dir='ltr' id='par_1_6' title="bbox 479 3486 1811 3603">
     <span class='ocr_line' id='line_1_33' title="bbox 855 3486 1437 3528; baseline -0.007 0"><span class='ocrx_word' id='word_1_270' title='bbox 855 3494 868 3516; x_wconf 84' lang='lat'>¹</span> <span class='ocrx_word' id='word_1_271' title='bbox 893 3488 955 3527; x_wconf 86' lang='lat' dir='ltr'>De</span> <span class='ocrx_word' id='word_1_272' title='bbox 973 3489 1078 3528; x_wconf 84' lang='lat' dir='ltr'>Eccl.</span> <span class='ocrx_word' id='word_1_273' title='bbox 1100 3486 1315 3526; x_wconf 72' lang='lat' dir='ltr'>Hieram-h.</span> <span class='ocrx_word' id='word_1_274' title='bbox 1339 3497 1374 3525; x_wconf 93' lang='lat' dir='ltr'>c.</span> <span class='ocrx_word' id='word_1_275' title='bbox 1399 3486 1437 3524; x_wconf 82' lang='lat'>5.</span> 
     </span>
     <span class='ocr_line' id='line_1_34' title="bbox 479 3548 1811 3603; baseline -0.004 -8"><span class='ocrx_word' id='word_1_276' title='bbox 479 3555 496 3578; x_wconf 78' lang='lat'>²</span> <span class='ocrx_word' id='word_1_277' title='bbox 521 3555 564 3595; x_wconf 90' lang='lat' dir='ltr'>S.</span> <span class='ocrx_word' id='word_1_278' title='bbox 585 3555 736 3595; x_wconf 87' lang='lat' dir='ltr'>Thom.</span> <span class='ocrx_word' id='word_1_279' title='bbox 757 3554 831 3594; x_wconf 87' lang='lat' dir='ltr'>lib.</span> <span class='ocrx_word' id='word_1_280' title='bbox 853 3554 909 3594; x_wconf 86' lang='lat' dir='ltr'>iv.</span> <span class='ocrx_word' id='word_1_281' title='bbox 932 3554 1048 3594; x_wconf 90' lang='lat' dir='ltr'>Sent.</span> <span class='ocrx_word' id='word_1_282' title='bbox 1074 3554 1214 3603; x_wconf 80' lang='lat' dir='ltr'>Suppl.</span> <span class='ocrx_word' id='word_1_283' title='bbox 1237 3554 1291 3591; x_wconf 90' lang='lat' dir='ltr'>ad</span> <span class='ocrx_word' id='word_1_284' title='bbox 1306 3553 1354 3591; x_wconf 91' lang='lat' dir='ltr'>P.</span> <span class='ocrx_word' id='word_1_285' title='bbox 1377 3553 1428 3590; x_wconf 91' lang='lat' dir='ltr'>B.</span> <span class='ocrx_word' id='word_1_286' title='bbox 1456 3551 1609 3597; x_wconf 68' lang='lat' dir='ltr'>Quaen.</span> <span class='ocrx_word' id='word_1_287' title='bbox 1632 3548 1691 3589; x_wconf 87' lang='lat' dir='ltr'>xi.</span> <span class='ocrx_word' id='word_1_288' title='bbox 1718 3549 1751 3601; x_wconf 53' lang='grc' dir='ltr'>ἑ.</span> <span class='ocrx_word' id='word_1_289' title='bbox 1774 3551 1811 3590; x_wconf 91' lang='lat'>1.</span> 
     </span>
    </p>
   </div>
   <div class='ocr_carea' id='block_1_7' title="bbox 480 3615 1808 3739">
    <p class='ocr_par' dir='ltr' id='par_1_7' title="bbox 480 3615 1808 3739">
     <span class='ocr_line' id='line_1_35' title="bbox 480 3615 1808 3673; baseline -0.006 -10"><span class='ocrx_word' id='word_1_290' title='bbox 480 3622 499 3646; x_wconf 80' lang='lat'>⁸</span> <span class='ocrx_word' id='word_1_291' title='bbox 522 3624 636 3664; x_wconf 78' lang='lat' dir='ltr'>Pont.</span> <span class='ocrx_word' id='word_1_292' title='bbox 657 3624 769 3663; x_wconf 76' lang='lat' dir='ltr'>Rom·</span> <span class='ocrx_word' id='word_1_293' title='bbox 790 3622 857 3662; x_wconf 85' lang='lat' dir='ltr'>De</span> <span class='ocrx_word' id='word_1_294' title='bbox 876 3621 978 3661; x_wconf 89' lang='lat' dir='ltr'>Ord.</span> <span class='ocrx_word' id='word_1_295' title='bbox 1001 3620 1196 3673; x_wconf 82' lang='lat' dir='ltr'>Presbyt.</span> <span class='ocrx_word' id='word_1_296' title='bbox 1640 3615 1660 3638; x_wconf 74' lang='lat'>⁴</span> <span class='ocrx_word' id='word_1_297' title='bbox 1683 3617 1808 3656; x_wconf 83' lang='lat' dir='ltr'>Idem.</span> 
     </span>
     <span class='ocr_line' id='line_1_36' title="bbox 837 3682 1455 3739; baseline -0.005 -12"><span class='ocrx_word' id='word_1_298' title='bbox 837 3686 855 3709; x_wconf 82' lang='lat'>⁶</span> <span class='ocrx_word' id='word_1_299' title='bbox 879 3686 922 3727; x_wconf 89' lang='lat' dir='ltr'>S.</span> <span class='ocrx_word' id='word_1_300' title='bbox 946 3686 1130 3739; x_wconf 81' lang='lat' dir='ltr'>Alphon.</span> <span class='ocrx_word' id='word_1_301' title='bbox 1152 3685 1227 3725; x_wconf 88' lang='lat' dir='ltr'>lib.</span> <span class='ocrx_word' id='word_1_302' title='bbox 1251 3684 1306 3724; x_wconf 87' lang='lat' dir='ltr'>vi.</span> <span class='ocrx_word' id='word_1_303' title='bbox 1327 3697 1370 3723; x_wconf 89' lang='lat' dir='ltr'>n.</span> <span class='ocrx_word' id='word_1_304' title='bbox 1388 3682 1455 3727; x_wconf 84' lang='lat'>8¹1.</span> 
     </span>
    </p>
   </div>
  </div>
 </body>
</html>
