2534 4374
924 485 1201 534 DECRETA.
1886 471 2005 536 167

115 634 312 704 poterit
363 632 662 685 educationi
716 649 946 696 suorum,
996 632 1173 700 eisque
1221 634 1492 701 proprium
1553 635 1801 701 spiritum
1850 635 2016 686 veluti

114 718 396 771 insufflare.
472 717 575 769 Sed
617 718 817 769 interea
860 718 925 768 de
967 734 1102 768 novo
1145 717 1472 769 inculcamus
1508 723 1570 770 ut
1609 719 1657 768 ii⁴
1687 720 1832 769 modi
1869 720 2020 770 adhi-

116 805 340 858 beantur
381 821 509 872 quos
548 803 624 854 ibi
668 804 1021 855 recensuimus
1069 820 1162 871 pro
1212 803 1554 855 institutione
1602 804 2018 856 adolescentium

112 888 211 957 qui
235 887 555 957 dignitatem
589 891 852 954 appetunt
877 886 1267 937 sacerdotalem.

260 972 511 1033 Quamvis
560 973 702 1023 enim
751 972 1032 1023 instructio
1082 972 1267 1036 solida,
1310 972 1377 1023 de
1425 972 1577 1023 rebus
1638 974 2019 1040 spiritualibu8‚

116 1059 245 1128 ipsis
305 1058 525 1108 insimul
586 1075 710 1108 cum
771 1057 919 1108 laicis
980 1058 1239 1121 tradatur,
1287 1062 1471 1110 tamen
1530 1059 1599 1109 ab
1647 1059 1776 1126 ipsis
1825 1061 2019 1111 teneris

114 1143 419 1214 unguiculis
460 1159 639 1194 eorum
682 1146 887 1194 mentes
929 1143 1103 1194 adhuc
1146 1143 1465 1195 immaturae
1502 1145 1725 1196 candore
1766 1145 2021 1209 lucenteS,

115 1229 452 1297 exquisitiore
476 1245 649 1280 rerum
686 1227 985 1278 divinarum
1023 1244 1176 1279 sensu
1209 1234 1335 1279 sunt
1376 1229 1693 1280 imbuendae
1733 1246 1794 1280 ac
1837 1247 2022 1298 prope-

117 1315 333 1367 modum
358 1313 704 1374 animandae;
742 1312 884 1363 unde
909 1313 1139 1363 strictior
1174 1314 1343 1364 animi
1379 1318 1627 1365 motuum
1670 1332 2022 1383 sensuumque

118 1399 373 1462 custodia,
421 1398 674 1449 intensior
721 1397 781 1447 in
830 1398 1022 1448 studiis
1072 1399 1371 1462 assiduitas,
1419 1401 1649 1451 exactior
1710 1401 2024 1468 disciplinae

117 1484 463 1547 observantia,
488 1483 735 1534 fervidior
758 1483 816 1532 in
855 1482 1089 1533 Ecclesia
1125 1483 1315 1550 pietas,
1339 1483 1512 1551 primo
1548 1489 1766 1552 aspectu
1800 1486 1869 1536 ab
1904 1486 2023 1537 aliis

117 1587 204 1622 eos
264 1570 561 1621 discernant
608 1569 702 1635 qui
749 1567 1020 1619 meliorem
1070 1571 1277 1635 partem
1326 1569 1429 1619 sibi
1479 1569 1768 1639 elegerunt.
1843 1571 2020 1640 Igitur

115 1655 393 1725 peculiaris
465 1654 723 1722 quaedam
796 1653 1078 1704 instructio
1152 1653 1310 1704 debet
1370 1654 1428 1704 in
1489 1655 1712 1724 singulis
1775 1654 2024 1726 Collegiis

116 1740 395 1810 provideri,
420 1757 513 1808 pro
538 1739 604 1790 iis
629 1741 722 1808 qui
748 1740 915 1790 statui
941 1737 1315 1790 Ecclesiastico
1354 1756 1461 1790 sese
1498 1741 1815 1792 addixerunt
1834 1760 1849 1803 ;
1899 1743 2024 1793 talis

116 1830 182 1877 ut
222 1826 570 1877 fundamenta
603 1824 775 1893 jaciat
818 1825 988 1875 futuri
1036 1830 1332 1892 provectus.
1405 1826 1528 1877 Non
1577 1829 1792 1879 omnino
1842 1833 2025 1880 exacte

116 1915 294 1980 potest
318 1910 476 1980 hujus
513 1911 876 1962 instructionis
913 1911 1081 1961 forma
1115 1928 1210 1979 pro
1247 1911 1492 1963 omnibus
1529 1911 1758 1976 definiri,
1785 1929 1846 1964 eo
1882 1914 2025 1981 quod

118 1998 177 2048 in
220 1997 442 2066 singulis
469 1995 732 2066 Collegiis‚
768 2000 998 2064 systema
1023 1996 1321 2047 studiorum
1347 2001 1402 2047 et
1426 2014 1763 2064 personarum
1800 2002 2025 2050 varietas

115 2082 307 2133 melius
365 2082 462 2132 uni
522 2098 683 2149 quam
744 2081 898 2132 alteri
957 2081 1206 2132 methodo
1269 2083 1440 2149 aptari
1501 2088 1739 2150 possunt.
1830 2084 2025 2135 Utrum

117 2167 345 2235 exempli
381 2168 571 2237 gratia,
608 2166 931 2218 confessariis
974 2167 1250 2218 ordinariis
1294 2168 1392 2218 hoc
1431 2168 1749 2219 laboriosum
1793 2169 2024 2221 officium

118 2254 191 2304 sit
214 2253 594 2320 imponendum
620 2252 706 2303 vel
730 2252 826 2303 uni
852 2252 949 2303 soli
975 2252 1236 2304 Directori
1264 2253 1545 2322 Spirituali
1570 2255 1989 2306 concredendum
2010 2274 2024 2316 3

115 2343 299 2390 utrum
336 2354 516 2388 omnes
553 2337 715 2388 simul
751 2337 836 2388 vel
871 2338 1030 2405 pauci
1068 2355 1315 2403 seorsum,
1345 2344 1528 2391 utrum
1571 2341 1898 2409 frequentius
1941 2342 2026 2392 vel

116 2422 403 2491 majoribus
438 2421 731 2473 intervallis
780 2423 889 2473 sint
936 2424 1086 2490 pueri
1134 2428 1191 2475 et
1230 2423 1455 2492 juvenes
1502 2426 1563 2477 in
1610 2426 1710 2478 hac
1759 2427 2024 2495 spirituali

117 2505 377 2574 palaestra
419 2504 710 2567 exercendi,
758 2505 1070 2572 prudentiae
1121 2509 1178 2557 et
1227 2507 1584 2575 experientiae
1632 2526 1815 2560 eorum
1864 2527 2024 2578 penes

114 2607 245 2658 quos
292 2593 373 2640 est
419 2590 656 2658 regimen
706 2587 1059 2658 Collegiorum
1096 2590 1503 2659 relinquendum
1546 2609 1834 2646 censemus.

260 2674 337 2725 II.
387 2674 577 2742 Inopia
602 2673 948 2727 Sacerdotum
972 2675 1073 2728 hoc
1106 2677 1304 2741 effecit,
1340 2684 1681 2730 concurrente
1706 2681 1872 2730 etiam
1904 2679 2022 2732 Col-

118 2759 379 2827 legiorum
404 2759 638 2827 ipsorum
662 2765 990 2828 paupertate,
1014 2767 1080 2814 ut
1105 2764 1342 2832 theologi
1367 2765 1463 2832 qui
1501 2766 1693 2820 studiis
1722 2765 2024 2818 incumbere

116 2843 346 2895 indivisa
387 2847 568 2895 mente
610 2844 877 2909 deberent,
927 2863 1079 2915 saepe
1127 2848 1195 2899 ad
1246 2848 1418 2901 officia
1465 2851 1894 2902 administrativa
1937 2852 2021 2902 vel

117 2928 479 2996 disciplinaria
503 2929 743 2981 obeunda
779 2931 889 2981 sint
924 2933 1116 2984 vocati.
1193 2932 1432 3002 Cumque
1476 2952 1654 2987 cursus
1694 2936 2024 3004 theologicus

116 3030 388 3082 nunquam
436 3014 578 3065 ultra
618 3016 840 3067 tertium
882 3017 1218 3084 protrahatur
1264 3035 1483 3083 annum,
1521 3037 1675 3088 saepe
1717 3021 1874 3071 illum
1916 3037 2024 3072 non

117 3099 375 3166 attingat,
398 3100 723 3166 impossibile
746 3105 845 3164 est,
868 3102 973 3152 nisi
998 3120 1091 3170 pro
1116 3104 1182 3155 iis
1206 3104 1301 3172 qui
1327 3104 1625 3156 sublimiori
1654 3106 1871 3174 ingenio
1896 3110 2023 3157 sunt

115 3184 310 3247 dotati,
335 3185 653 3253 completam
677 3190 734 3237 et
768 3188 1059 3254 perfectam
1084 3191 1436 3241 eruditionem
1460 3190 1814 3259 theologicam
1839 3192 2022 3258 acqui-

117 3286 244 3320 rere.
334 3269 585 3338 Episcopi
633 3287 747 3322 raro
794 3275 1007 3340 tempus
1056 3275 1337 3326 concedere
1385 3280 1605 3342 possunt
1653 3292 1746 3326 suo
1796 3276 2022 3344 longiori

118 3354 519 3421 disciplinarum
545 3350 819 3420 curriculo,
844 3362 900 3408 et
945 3357 1242 3428 Collegium
1265 3360 1443 3427 ipsum
1468 3360 1705 3410 redditus
1730 3376 1836 3411 non
1862 3361 2022 3411 habet

119 3439 435 3491 sufficientes
459 3456 555 3490 nec
580 3441 797 3508 quidem
822 3442 1082 3494 sufficiens
1107 3444 1341 3511 spatium
1360 3448 1425 3494 ut
1449 3445 1792 3511 professorum
1814 3446 2021 3512 copiam

116 3527 393 3576 sustentet.
466 3524 652 3593 Neque
676 3525 845 3578 veluti
881 3528 1000 3579 aliis
1024 3530 1083 3579 in
1107 3529 1427 3598 regionibuS‚
1452 3530 1507 3578 in
1559 3530 1868 3580 civitat-ibus
1917 3530 2021 3580 sita

118 3614 244 3661 sunt
266 3614 443 3661 nostra
469 3609 721 3679 collegia,
745 3629 849 3680 quo
873 3613 1091 3665 lectores
1126 3614 1258 3664 alias
1294 3614 1350 3663 in
1381 3614 1613 3665 ecclesiis
1638 3619 1920 3682 occupatos
1947 3616 2015 3667 ad

115 3694 411 3745 docendum
436 3697 807 3748 tantummodo
831 3714 922 3765 per
947 3698 1161 3765 aliquod
1186 3699 1424 3766 quotidie
1450 3704 1661 3766 tempus
1687 3700 1890 3767 possint
1916 3700 2018 3751 sibi

116 3795 393 3829 assumere.
468 3778 598 3829 Ruri
641 3781 815 3832 sedem
851 3782 1067 3845 habent,
1090 3787 1147 3834 et
1182 3800 1542 3852 quaecumque
1568 3785 1671 3836 fere
1696 3786 1763 3836 ad
1805 3786 2015 3837 illorum

466 4299 828 4374 [unnim
881 4300 995 4374 ST„
1036 4289 1362 4374 ,κ’-,ΜΠ
1412 4276 1789 4374 coum}
