2534 4374
532 420 780 464 APPEND.
824 423 864 465 1.
952 423 1154 467 ancre.
1201 390 1464 477 “omnm
1507 412 1689 472 cuns!
1936 416 2060 474 259

165 564 318 636 saepe
349 567 666 636 proscribere
691 572 748 620 et
771 568 1062 637 reprobare,
1088 574 1271 622 tamen
1290 569 1594 625 Catholicae
1612 574 1879 628 Ecclesiae
1895 593 2066 641 causa,

165 654 571 720 animarumque
621 652 761 705 salus
816 653 985 706 Nobis
1041 655 1303 708 divinitus
1352 658 1647 722 commissa,
1695 664 1857 728 atque
1906 661 2072 730 ipsius

166 737 429 789 humanae
454 737 724 789 societatis
748 737 946 790 bonum
980 740 1195 791 omnino
1228 741 1521 808 postulant,
1545 748 1611 794 ut
1645 744 1841 797 iterum
1875 752 2075 814 pastor-

165 823 305 876 alem
343 827 571 874 vestram
610 823 1027 876 sollicitudinem
1069 826 1360 878 excitemus
1398 828 1466 879 ad
1505 828 1635 880 alias
1675 847 1859 898 pravas
1898 834 2074 901 profli-

164 907 364 979 gandas
405 908 696 976 opinioneS,
721 927 857 977 quae
895 928 960 962 ex
1003 912 1202 964 eisdem
1244 912 1499 964 erroribus
1536 914 1705 966 veluti
1743 933 1806 968 ex
1841 917 2074 970 fontibus

167 997 470 1062 erumpunt.
545 993 692 1055 Quae
725 994 887 1046 falsae
923 1012 985 1047 ac
1022 1013 1289 1064 perversae
1325 998 1600 1065 opiniones
1626 1016 1687 1051 eo
1711 1002 1882 1070 magis
1906 1003 2076 1056 detes-

165 1078 360 1131 tandae
402 1083 545 1143 sunt,
587 1080 729 1148 quod
766 1096 829 1131 eo
869 1081 1210 1149 potissimum
1250 1086 1510 1150 spectant,
1553 1089 1617 1135 ut
1656 1085 1980 1153 impediatur
2019 1094 2076 1140 et

165 1167 472 1216 amoveatur
509 1164 752 1216 salutaris
786 1164 884 1216 illa
921 1166 1019 1229 viS,
1043 1182 1205 1234 quam
1242 1167 1504 1220 catholica
1541 1168 1779 1221 Ecclesia
1802 1187 1865 1222 ex
1890 1172 2073 1226 Divini

167 1250 249 1303 sui
272 1249 518 1301 Auctoris
542 1249 887 1325 institutione
918 1254 977 1301 et
1008 1252 1263 1303 mandato
1287 1251 1446 1303 libere
1470 1270 1705 1306 exercere
1729 1256 1885 1308 debet
1910 1274 2075 1326 usque

123 1392 144 1415 ᾗ
165 1335 236 1387 ad
270 1336 784 1387 consummationem
818 1335 1034 1400 saeculi,
1059 1352 1166 1387 non
1198 1337 1376 1388 minus
1410 1354 1533 1407 erga
1571 1340 1804 1408 singulos
1839 1342 2077 1394 homines

164 1436 323 1489 quam
346 1437 470 1490 erga
492 1421 752 1485 nationeS,
777 1421 1002 1490 populos
1026 1438 1365 1490 summosque
1390 1440 1570 1475 eorum
1595 1424 1886 1494 PrincipeS,
1911 1434 2076 1497 utque

166 1505 231 1558 de
268 1506 446 1557 medio
493 1505 714 1558 tollatur
751 1511 944 1558 mutua
981 1506 1078 1557 illa
1108 1508 1250 1559 inter
1292 1507 1658 1560 Sacerdotium
1689 1516 1746 1562 et
1783 1511 2073 1579 Imperium

164 1590 502 1643 consiliorum
528 1591 748 1643 societas
773 1595 831 1642 et
854 1592 1149 1655 concordia,
1174 1608 1309 1659 quae
1344 1595 1421 1645 rei
1440 1610 1564 1646 cum
1583 1611 1756 1647 sacrae
1780 1601 1900 1648 tum
1926 1599 2072 1649 civili

164 1676 341 1728 fausta
390 1694 593 1745 semper
640 1677 828 1728 extitit
876 1693 939 1728 ac
987 1677 1271 1729 salutariS.¹
1367 1678 1587 1730 Etenim
1635 1680 1795 1748 probe
1842 1682 2076 1745 noscitis,

164 1762 502 1815 Venerabiles
535 1762 765 1826 FratreS,
789 1762 889 1814 hoc
908 1766 1146 1831 tempore
1177 1779 1285 1814 non
1317 1780 1512 1832 paucos
1544 1766 1776 1833 reperiri,
1799 1767 1894 1833 qui
1929 1767 2076 1818 civili

163 1848 425 1901 consortio
466 1848 699 1916 impium
730 1846 1120 1916 absurdumque
1156 1846 1548 1913 naturalismi,
1581 1854 1647 1901 ut
1683 1855 1894 1915 vocant,
1932 1853 2078 1920 prin-

164 1933 365 2001 cipium
392 1933 722 2002 applicantes
746 1932 948 1984 audent
971 1933 1172 1997 docere,
1211 1933 1519 2001 “optimam
1544 1934 1811 1986 societatis
1836 1936 2078 2004 publicae

162 2020 423 2071 rationem
445 2019 783 2090 {civilemque
824 2035 1157 2088 progressum
1195 2020 1412 2071 omnino
1454 2020 1731 2088 requirere,
1756 2026 1822 2072 ut
1845 2021 2077 2073 humana

163 2104 384 2157 societas
410 2105 768 2158 constituatur
800 2109 858 2158 et
892 2105 1234 2174 gubernetur,
1258 2106 1407 2157 nullo
1444 2106 1628 2157 habito
1661 2107 1729 2159 ad
1765 2107 2075 2176 religionem

162 2194 423 2258 respectu,
448 2207 510 2242 ac
553 2189 599 2241 si
639 2207 701 2242 ea
743 2207 851 2242 non
893 2190 1158 2254 existeret,
1182 2190 1269 2243 vel
1312 2190 1501 2242 saltem
1543 2191 1693 2242 nullo
1725 2191 1867 2243 facto
1900 2209 2075 2244 veram

62 2266 65 2268 ³
165 2276 307 2328 inter
341 2275 604 2344 falsasque
638 2275 920 2346 religiones
957 2275 1310 2327 discrimine.”
1383 2276 1561 2344 Atque
1598 2281 1780 2327 contra
1818 2294 2074 2329 sacrarum

163 2360 509 2425 Litterarum,
535 2360 821 2426 Ecclesiae,
841 2364 1250 2430 sanctorumque
1273 2360 1499 2412 Patrum
1524 2361 1838 2425 doctrinam,
1857 2379 2076 2415 asserere

161 2463 268 2499 non
309 2446 581 2511 dubitant,
620 2447 927 2515 “optimam
977 2463 1088 2498 esse
1138 2446 1500 2498 conditionem
1544 2447 1827 2511 societatiS,
1869 2449 1928 2499 in
1971 2465 2075 2515 qua

160 2532 394 2602 Imperio
417 2547 525 2584 non
548 2532 853 2602 agnoscitur
876 2530 1113 2583 officium
1146 2531 1420 2583 coercendi
1454 2531 1670 2582 sancitis
1706 2533 1888 2599 poenis
1913 2533 2077 2584 viola-

160 2620 300 2672 tores
320 2616 622 2670 Catholicae
657 2616 945 2687 religioniS,
970 2617 1076 2668 nisi
1111 2621 1375 2684 quatenus
1408 2634 1512 2685 pax
1546 2617 1762 2685 publica
1794 2617 2075 2685 postulet.”

162 2703 246 2755 Ex
263 2720 369 2772 qua
387 2704 604 2754 omnino
623 2702 755 2754 falsa
774 2701 981 2754 socialis
999 2702 1275 2771 regiminis
1292 2702 1414 2754 idea
1432 2702 1575 2753 haud
1594 2702 1792 2753 timent
1811 2719 2073 2755 erroneam

161 2788 313 2841 illam
337 2788 509 2840 fovere
533 2788 858 2856 opinionem,
883 2786 1175 2838 catholicae
1201 2786 1468 2838 Ecclesiae
1492 2787 1893 2855 animarumque
1912 2788 2073 2839 saluti

161 2875 394 2926 maxime
436 2873 726 2936 exitialem,
768 2887 802 2923 a
842 2888 950 2924 rev.
994 2888 1155 2923 mem.
1198 2869 1452 2941 Gregorio
1490 2871 1642 2922 XVI.
1683 2872 2075 2925 Praedecessore

160 2959 354 3012 Nostro
378 2956 814 3011 deliramentum
848 2956 1226 3026 appellatam,²
1268 2957 1527 3008 nimirum
1566 2957 1915 3009 “libertatem
1953 2975 2076 3009 con-

162 3045 416 3097 scientiae
455 3047 512 3096 et
553 3043 801 3095 cultuum
844 3059 955 3094 esse
990 3043 1265 3111 proprium
1298 3041 1679 3110 cujuscumque
1716 3042 1947 3094 hominis
1963 3043 2072 3110 jus,

159 3130 302 3200 quod
343 3130 459 3199 lege
496 3128 808 3198 proclamari
843 3131 902 3179 et
936 3129 1094 3179 asseri
1130 3127 1289 3180 debet-
1324 3128 1383 3178 in
1422 3129 1567 3179 omni
1603 3131 1746 3179 recte
1782 3127 2074 3179 constituta

162 3217 430 3281 societate,
453 3218 511 3267 et
525 3215 618 3284 jus
641 3214 848 3266 civibus
880 3214 1052 3265 inesse
1087 3213 1156 3265 ad
1190 3213 1554 3264 omnimodam
1583 3212 1889 3263 libertatem
1922 3212 2072 3262 nulla

162 3301 247 3354 vel
289 3300 659 3364 ecclesiastica,
698 3300 783 3352 vel
822 3299 971 3351 civili
1014 3298 1335 3350 auctoritate
1377 3298 1765 3360 coarctandam,
1808 3314 1912 3365 quo
1955 3314 2072 3347 suos

163 3391 448 3456 conceptus
486 3403 845 3455 quoscumque
887 3385 998 3437 sive
1037 3401 1184 3448 voce,
1214 3384 1325 3435 sive
1365 3384 1527 3452 typis,
1573 3384 1682 3434 sive
1724 3382 1830 3433 alia
1872 3382 2073 3433 ratione

162 3472 342 3542 palam
365 3472 684 3541 publiceque
708 3472 1050 3523 manifestare
1074 3486 1137 3521 ac
1161 3469 1420 3521 declarare
1445 3466 1703 3520 valeant.”

489 3602 509 3626 ¹
524 3602 703 3658 Gregor.
721 3603 846 3645 XVI.
868 3601 1005 3654 Epist.
1025 3601 1204 3654 Enoycl.
1227 3601 1398 3651 Mirari,
1424 3600 1472 3640 16
1491 3590 1606 3652 Aug.
1630 3598 1750 3638 1832.

826 3667 846 3692 ⁸
860 3668 1022 3710 Eadem
1038 3667 1217 3720 Encycl.
1240 3666 1411 3707 Mirari.
