2534 4374
953 489 1201 533 APPEND.
1246 491 1351 534 ΧΠ.
2010 480 2096 540 65

1082 718 1216 770 XII.

280 869 380 922 DE
430 869 857 923 FACULTATE
907 870 1273 925 SERVANDI
1325 872 1417 926 SS.
1471 874 2020 928 EUCHARISTIAM

483 1016 546 1054 IN
582 1016 898 1056 NONNULLIS
935 1018 1213 1058 NOBILIUM
1249 1020 1508 1060 vmomm
1543 1020 1849 1061 ORATORIIS.

630 1145 958 1186 INSTRUCTIO
992 1146 1071 1186 AD
1106 1146 1392 1187 EPISCOPOS
1427 1148 1688 1189 ANGLIAE.

337 1277 498 1346 Apud
530 1278 823 1329 rusticanas
862 1279 1013 1330 aedes
1056 1280 1429 1347 spectabilium
1458 1282 1687 1333 virorum
1721 1282 2098 1336 catholicorum

191 1363 429 1432 capellae
455 1363 608 1433 quasi
632 1363 701 1414 ad
726 1363 1063 1415 ecclesiarum
1088 1364 1311 1416 formam
1336 1366 1477 1417 haud
1497 1384 1609 1418 raro
1628 1367 1785 1419 isthic
1804 1376 2099 1432 occurrunt,

187 1446 464 1500 interdum
489 1465 610 1500 vero
653 1449 941 1516 petitiones
973 1450 1041 1500 ad
1068 1448 1122 1500 S.
1150 1449 1339 1502 Sedem
1378 1451 1683 1521 dirigimtur
1718 1470 1811 1520 pro
1846 1454 2098 1506 facultate

84 1600 88 1603 ¹
188 1534 480 1586 obtinenda
522 1538 588 1585 ut
628 1535 687 1584 in
729 1534 837 1584 illis
876 1533 1224 1586 Sanctissima
1261 1536 1596 1589 Eucharistia
1632 1541 1878 1590 asservari
1916 1543 2095 1608 possit.

195 1616 261 1667 In
285 1632 341 1668 re
379 1617 597 1683 quidem
631 1616 884 1685 gravioris
921 1618 1180 1668 momenti
1212 1618 1489 1670 uniformis
1525 1622 1783 1687 quaedam
1820 1623 2098 1673 methodus

191 1695 495 1753 inducenda
554 1706 685 1765 erat,
751 1701 1075 1770 proindeque
1118 1701 1499 1770 Episcoporum
1549 1707 1812 1757 sententia
1859 1708 1971 1759 visa
2018 1716 2099 1759 est

192 1787 535 1854 exquirenda,
583 1802 720 1854 quae
762 1786 1000 1854 quidem,
1043 1786 1355 1838 Eminentia
1405 1788 1512 1840 Sua
1554 1796 1788 1854 curante,
1831 1794 2098 1845 occasione

190 1872 530 1939 provincialis
557 1870 757 1941 Synodi
781 1872 1043 1940 superiore
1067 1888 1206 1923 anno
1231 1871 1445 1925 habitae
1469 1874 1676 1926 reddita
1702 1876 1823 1927 fuit.

336 1957 596 2011 Omnibus
621 1958 806 2025 itaque
828 1961 1074 2008 accurate
1097 1961 1383 2026 perpensis,
1409 1960 1635 2028 capellas
1666 1961 1817 2013 hasce
1850 1980 1913 2014 ex
1945 1964 2099 2032 Epis-

181 2059 443 2112 ·coporum
492 2044 758 2095 sententia
805 2044 866 2094 in
913 2048 1020 2095 tres
1068 2044 1254 2096 classes
1302 2045 1508 2112 placuit
1555 2046 1899 2115 distinguere,
1939 2049 2098 2116 juxta

191 2129 451 2180 nimirum
475 2127 804 2180 differentias
828 2129 1102 2197 quasdam,
1127 2146 1265 2199 quae
1288 2130 1349 2180 in
1386 2131 1578 2182 iisdem
1616 2131 1787 2182 solent
1818 2149 2096 2197 occurrere,

187 2214 448 2266 nimirum
472 2217 538 2264 ut
562 2217 857 2282 opportune
880 2214 940 2265 in
964 2214 1188 2284 singulis
1213 2215 1417 2267 casibus
1441 2216 1792 2283 provideatur.

335 2299 519 2350 Primo
543 2299 727 2368 itaque
752 2300 984 2368 capellae
1014 2300 1318 2368 hujusmodi
1352 2301 1638 2371 aliquando
1667 2301 1810 2353 haud
1843 2303 1995 2354 valde
2028 2305 2096 2355 ab

189 2384 430 2436 Ecclesia
471 2385 694 2449 distant,
728 2390 854 2437 sunt
882 2403 1003 2437 vero
1036 2384 1286 2438 oratoria
1322 2384 1635 2449 domestica,
1673 2392 1830 2455 prout
1866 2389 2092 2439 strictim

181 2487 290 2522 -usu
312 2470 668 2522 ecclesiastico
692 2472 859 2523 dictio
884 2471 1189 2539 hujusmodi
1208 2476 1508 2540 usurpatur,
1526 2473 1584 2522 in
1604 2473 1801 2523 bonum
1822 2473 2094 2540 spirituale

190 2556 428 2608 familiae
460 2557 792 2610 constituta:
845 2559 905 2610 in
933 2559 1002 2610 iis
1038 2559 1258 2626 proinde
1287 2558 1501 2627 regulae
1530 2558 1909 2610 ecclesiasticae
1939 2576 2001 2610 ea
2030 2561 2093 2610 de

189 2658 246 2693 re
269 2642 412 2693 latae
435 2646 601 2711 atque
626 2643 965 2695 Indultorum
990 2643 1243 2695 formulae
1267 2649 1424 2694 erunt
1456 2644 1750 2706 servandae,
1786 2645 1959 2714 quoad
1989 2645 2093 2695 alia

189 2727 250 2779 in
274 2727 502 2796 Singulis
527 2728 733 2779 casibus
759 2727 813 2780 S.
842 2728 992 2780 Sedis
1018 2729 1283 2780 sententia
1308 2729 1410 2779 erit
1432 2729 1827 2795 expostulanda.

337 2812 578 2865 Secundo
626 2814 762 2865 aliae
804 2820 1083 2866 occurrunt
1127 2815 1375 2883 capellae,
1417 2815 1560 2883 apud
1598 2832 1728 2883 quas
1770 2816 2091 2868 conveniunt

190 2913 298 2948 non
322 2898 480 2950 modo
505 2899 784 2950 domestici
807 2905 864 2951 et
887 2901 1190 2964 familiareS,
1216 2902 1306 2952 sed
1332 2901 1503 2953 coloni
1537 2918 1745 2970 quoque
1781 2906 1837 2952 et
1869 2902 2090 2953 cultores

184 2984 420 3052 proximi
458 2986 730 3049 territorii,
769 2990 931 3055 atque
969 2986 1183 3054 insuper
1223 2992 1516 3054 opportune
1558 2987 1845 3038 admodum
1887 2996 2090 3055 praesto

188 3071 533 3123 missionariis
558 3088 668 3122 esse
691 3075 929 3139 possunt,
947 3076 1013 3122 ut
1036 3072 1160 3122 inde
1186 3070 1586 3123 Sanctissimam
1609 3072 1995 3123 Eucharistiam
2021 3076 2087 3126 ad

190 3156 427 3208 infirmos
475 3157 814 3208 deferendam
863 3161 1094 3220 sumant,
1148 3173 1270 3207 cum
1327 3155 1606 3206 intervallo
1661 3157 1890 3224 quodam
1948 3159 2086 3210 haud

177 3242 382 3311 <exiguo
405 3242 624 3294 ecclesia
647 3241 831 3309 procul
854 3241 981 3292 inde
1005 3242 1216 3293 existat.

331 3325 565 3378 Demurn
607 3326 768 3378 tertio
810 3327 925 3378 loco
973 3332 1306 3378 recensentur
1354 3343 1489 3394 quae
1538 3327 1709 3393 magis
1757 3327 1825 3377 ab
1870 3328 2085 3379 ecclesia

180 3411 412 3476 distant,
454 3415 618 3479 atque
657 3428 719 3463 ea
760 3412 964 3462 ratione
1007 3412 1327 3463 constitutae
1377 3415 1502 3461 sunt
1548 3415 1612 3460 ut
1659 3411 1836 3462 haberi
1885 3414 2085 3479 possint

186 3497 357 3548 veluti
383 3497 700 3549 succursales
724 3502 780 3549 et
812 3497 1000 3548 filiales
1028 3497 1202 3564 quoad
1236 3496 1476 3547 ecclesias
1513 3513 1605 3563 pro
1634 3496 1929 3547 animarum
1962 3515 2087 3550 cura

183 3582 507 3650 designatas·

333 3666 517 3729 Quoad
541 3668 726 3735 itaque
763 3667 990 3735 capellas
1028 3667 1283 3717 secundae
1315 3670 1371 3716 et
1404 3667 1589 3716 tertiae
1614 3666 1806 3732 speciei
1834 3666 2083 3717 Eminen-

179 3752 385 3804 ·tissimi
410 3752 597 3804 Patres
622 3758 937 3803 censuerunt
953 3752 1373 3820 permittendum
1391 3755 1456 3801 ut
1472 3767 1535 3801 ex
1557 3751 1802 3818 Episcopi
1823 3753 2085 3801 sententia

1894 3845 1922 3887 5
