2534 4374
494 407 620 467 242
1059 427 1219 470 cose.
1270 426 1437 470 PRov.
1481 425 1702 469 wus'rM.
1749 425 1826 467 1v.

487 579 654 625 cantu
679 574 1000 643 Gregoriano
1025 574 1329 640 exequendo
1352 572 1690 640 praecellant.
1763 577 1797 603 ‘⁶
1812 572 1972 624 Pueri
1995 569 2209 635 etiam,”
2234 569 2396 637 juxta

488 657 776 711 Decretum
824 661 871 710 I.
924 658 1080 711 Conc.
1129 658 1355 710 Westm.
1403 658 1552 709 xviii.
1603 658 1713 720 200,
1762 661 1796 688 ‘⁶
1814 658 2052 709 musicen
2098 658 2157 707 in
2205 654 2396 706 scholis

487 744 824 807 edoceantur,
873 748 937 794 ut
985 743 1354 806 foeminarum,
1401 743 1635 794 maxime
1682 744 1853 811 pretio
1901 744 2299 805 conductarum,
2335 741 2396 792 in

488 828 647 881 choro
695 833 980 880 concentus
1028 830 1097 881 ab
1144 829 1377 880 ecclesiis
1423 829 1787 880 excludantur.
1887 827 2079 896 Sicque
2133 826 2396 895 paulatim

494 915 595 965 erit
638 913 804 984 (quod
827 915 1061 965 maxime
1085 914 1355 983 optamus)
1399 917 1578 965 totum
1618 913 1862 965 fidelium
1901 918 2115 964 coetum
2152 914 2395 964 unanimi

493 1000 633 1050 vocis
657 1004 715 1051 et
738 1000 908 1050 cordis
933 1016 1186 1050 consensu
1218 999 1535 1066 psallentem
1559 998 1788 1050 audire.”

638 1100 687 1149 3.
727 1098 911 1159 Quoad
949 1099 1362 1150 determinatam
1395 1099 1555 1167 hujus
1579 1103 1766 1150 cantus
1790 1099 2131 1150 ecclesiastici
2155 1099 2395 1163 formam,

492 1201 802 1235 renovamus
827 1184 998 1235 Primi
1038 1183 1266 1236 Concilii
1307 1184 1882 1236 westmonasteriensis
1921 1184 2204 1236 Decretum
2229 1184 2396 1254 (xxvi.

493 1268 562 1331 5⁰,
606 1273 661 1318 et
702 1269 866 1321 xxvii.
913 1269 1010 1338 1⁰):
1061 1270 1186 1321 “Ut
1232 1270 1571 1320 uniformitas
1618 1270 1999 1334 introducatur,
2041 1270 2284 1321 volumus
2332 1275 2398 1321 ut

493 1354 709 1421 ubique,
753 1355 843 1406 sed
891 1356 1124 1406 maxime
1171 1356 1230 1406 in
1279 1355 1532 1423 collegiis,
1571 1354 1897 1422 ubicumque
1937 1356 1996 1405 in
2038 1355 2203 1406 Missa
2245 1360 2302 1406 et
2337 1357 2396 1406 in

492 1438 696 1490 Officiis
753 1440 1035 1491 adhibetur
1084 1439 1283 1492 Cantus
1339 1440 1556 1504 PlanuS,
1614 1457 1706 1490 seu
1761 1439 2132 1509 Gregorianus,
2199 1439 2398 1492 Cantus

492 1524 766 1577 Romanus
790 1526 928 1576 solus
953 1524 1327 1586 adhibeatur;”
1370 1527 1451 1576 ita
1474 1530 1658 1576 tamen
1680 1529 1745 1575 ut
1768 1541 1875 1576 non
1899 1525 2241 1576 inhibeantur
2262 1527 2398 1578 ritus

492 1617 549 1663 et
576 1616 780 1675 cantuS,
806 1612 852 1662 si
876 1611 971 1679 qui
997 1613 1122 1674 sint,
1146 1613 1204 1662 in
1229 1611 1579 1662 celebratione
1613 1609 1809 1660 Missae
1832 1627 1926 1678 pro
1951 1610 2134 1661 ordine
2156 1611 2399 1680 religioso

494 1697 745 1748 ecclesiae
803 1697 1018 1748 addicto
1075 1695 1320 1765 legitime
1377 1696 1672 1764 approbati,
1722 1695 1806 1746 vel
1862 1684 2145 1747 calendarii
2200 1697 2398 1764 proprii

491 1783 846 1833 observantia.

642 1881 777 1933 Cum
827 1899 948 1933 vero
996 1881 1268 1950 hucusque
1315 1882 1406 1933 vix
1453 1884 1550 1931 aut
1597 1896 1664 1931 ne
1713 1881 1803 1931 vix
1851 1882 2067 1949 quidem
2106 1882 2399 1951 genuinum

499 1967 727 2020 Romani
775 1966 974 2019 Cantus
1012 1968 1277 2035 exemplar
1320 1967 1549 2019 obtineri
1590 1966 1842 2033 potuerit,
1884 1984 2027 2018 nunc
2068 1967 2400 2036 benignitate

495 2052 594 2104 SS.
628 2053 695 2104 D.
733 2052 803 2103 N.
838 2052 947 2103 PII
980 2053 1158 2121 Papae
1191 2053 1292 2104 IX.
1331 2054 1616 2122 unicuique
1652 2057 1858 2122 praesto
1886 2057 1982 2104 est.
2057 2052 2401 2120 Quapropter,

495 2137 912 2188 obsecundantes
937 2138 1076 2189 votis
1111 2137 1427 2190 Sanctitatis
1460 2137 1616 2201 Suae,
1641 2139 1791 2189 illam
1827 2138 2148 2190 nominatim
2174 2137 2401 2188 Romani

502 2220 703 2274 Cantus
762 2223 1054 2274 editionem
1111 2240 1244 2291 quae
1300 2224 1458 2275 modo
1515 2223 1835 2275 Ratisbonae
1893 2224 2068 2274 editur
2123 2227 2402 2291 tamquam

499 2325 742 2359 normam
775 2309 1109 2376 adoptamuS,
1134 2313 1199 2359 ut
1235 2310 1429 2360 sensim
1462 2310 1575 2361 sine
1600 2325 1754 2360 sensu
1778 2310 1837 2360 in
1860 2310 2051 2360 nostris
2080 2309 2403 2361 dioecesibus

502 2398 753 2462 exoptata
777 2395 1114 2445 uniformitas
1150 2394 1209 2445 in
1245 2399 1408 2445 cantu
1441 2395 1668 2446 obtineri
1692 2395 1884 2446 valeat.
1958 2395 2047 2445 Ita
2070 2395 2284 2445 demum
2308 2394 2402 2446 fiet

503 2482 561 2533 id
585 2481 728 2549 quod
774 2479 1024 2531 Summus
1056 2478 1307 2530 Pontifex
1341 2496 1395 2530 se
1431 2480 1663 2530 maxime
1694 2479 1754 2530 in
1785 2479 1924 2531 votis
1946 2479 2137 2531 habere
2159 2478 2402 2543 testatur,
2471 2488 2492 2505 ⁶

498 2571 612 2617 “ut
641 2583 763 2617 cum
795 2566 854 2615 in
887 2566 1105 2616 caeteris
1137 2582 1273 2633 quae
1308 2565 1377 2616 ad
1411 2581 1610 2615 sacram
1647 2564 1948 2634 Liturgiam
1972 2566 2259 2633 pertinent,
2281 2569 2402 2616 tum

503 2653 671 2704 etiam
707 2652 766 2702 in
798 2655 979 2714 cantu,
1011 2668 1136 2714 una,
1161 2651 1366 2702 cunctis
1395 2652 1454 2701 in
1486 2651 1615 2701 locis
1648 2668 1709 2701 ac
1746 2651 2082 2714 dioecesibuS,
2114 2651 2404 2718 eademque

503 2737 641 2789 ratio
666 2739 899 2788 servetur
921 2753 1027 2803 qua
1051 2736 1291 2786 Romana
1313 2737 1489 2786 utitur
1513 2735 1796 2787 Ecclesia.’'
1817 2737 1835 2766 ¹

543 2833 547 2835 ’
649 2838 702 2887 4.
740 2834 911 2886 Usum
959 2837 1145 2884 cantus
1192 2833 1498 2897 harmonici,
1550 2850 1641 2884 seu
1688 2833 1922 2902 figurati,
1969 2836 2156 2900 utpote
2204 2833 2298 2885 diu
2345 2834 2405 2886 in

504 2920 746 2972 Ecclesia
792 2919 1085 2969 introducti
1132 2922 1188 2969 et
1235 2919 1303 2969 ab
1349 2918 1444 2968 illa
1484 2934 1590 2968 non
1633 2918 1935 2985 improbati,
1971 2919 2136 2968 nostri
2177 2934 2283 2969 non
2324 2924 2406 2970 est

507 3006 795 3075 reprobare.
869 3004 1025 3054 Absit
1048 3007 1228 3054 tamen
1259 3007 1325 3054 ut
1356 3005 1560 3054 musica
1583 3005 1819 3071 vigorem
1845 3002 2131 3054 Christiani
2155 3003 2323 3054 animi
2347 3004 2405 3055 in

508 3091 794 3144 mollitiem
828 3090 1081 3140 caducam
1117 3090 1286 3157 possit
1318 3094 1630 3151 convertere,
1664 3089 1805 3156 quod
1837 3089 2070 3139 musicae
2104 3105 2269 3156 genus
2300 3089 2405 3157 ipsi

510 3177 736 3247 gentiles
772 3175 1032 3227 vitabant.
1106 3174 1322 3226 “Sonus
1355 3174 1438 3225 vel
1473 3173 1748 3237 melodia,”
1783 3179 1847 3226 ut
1882 3175 2019 3224 dicit
2055 3173 2109 3224 S.
2147 3173 2404 3238 Nicetim,

506 3261 885 3312 “consentiens
943 3263 1151 3310 sanctae
1209 3258 1455 3327 religioni
1514 3258 1795 3326 psallatur3
1843 3275 1950 3309 non
1998 3275 2132 3325 quae
2179 3261 2404 3329 tragicas

505 3348 851 3401 difficultates
884 3347 1159 3410 exclamet,
1185 3347 1275 3397 sed
1307 3362 1441 3413 quae
1473 3362 1651 3396 veram
1687 3345 2143 3396 Christianitatem
2173 3348 2232 3397 in
2255 3348 2404 3399 vobis

506 3437 858 3494 demonstret;
886 3450 993 3484 non
1027 3449 1160 3499 quae
1192 3431 1398 3499 aliquid
1429 3430 1684 3481 theatrale
1715 3430 1964 3493 redoleat,
1999 3431 2088 3481 sed
2120 3449 2405 3500 compunc-

593 3591 609 3613 1
626 3590 751 3641 Vide,
782 3590 830 3628 in
855 3588 1054 3628 Arrium.
1086 3586 1162 3637 X.,
1191 3599 1234 3639 p.
1259 3587 1350 3636 308,
1377 3584 1532 3625 Brevia
1549 3584 1803 3637 Apostolica,
1825 3584 1877 3626 de
1894 3586 2037 3626 Assoc.
2059 3585 2101 3626 S.
2122 3585 2338 3636 Caeciliae,
2361 3588 2404 3627 et

510 3657 566 3698 de
585 3656 768 3698 editione
785 3655 990 3696 librorum
1008 3652 1167 3694 Cantus
1187 3651 1438 3705 Gregoriani
1456 3650 1764 3692 Ratisbonensi.
