2534 4374
416 408 547 467 434
1173 427 1417 470 ADDITIO
1459 429 1577 469 xvl.

723 633 1038 686 ERECTIO
1076 633 1477 688 ECCLESIAE
1517 636 2028 694 CATHEDRALIS

1162 737 1255 787 ET
1295 736 1658 792 CAPITULI.

522 876 761 931 Litterae
816 875 1166 948 Apostolicae
1205 877 1274 930 in
1313 878 1513 948 forma
1561 879 1773 945 Brevis,
1825 898 2076 950 quarum
2122 882 2326 952 viyore,

414 962 658 1015 Ecclesia
683 962 740 1016 S.
766 965 990 1028 Annae,
1025 963 1244 1029 Loidie,
1287 965 1364 1018 acl
1408 964 1739 1032 diynitatem
1783 965 2132 1022 Gathedralie
2156 974 2325 1023 evecta

417 1054 508 1114 est,
532 1048 720 1118 ibique
746 1049 1118 1103 constitutum
1143 1055 1219 1104 eet
1247 1049 1584 1121 Capitulum
1608 1051 1896 1107 Loidense.

1147 1194 1276 1242 LEO
1313 1195 1408 1242 PP.
1445 1195 1605 1243 XIII.

884 1313 972 1364 AD
1021 1313 1307 1364 FUTURAM
1358 1313 1466 1364 REI
1514 1313 1857 1366 MEMORIAM.

522 1438 572 1488 A
595 1435 897 1488 Venerabili
922 1435 1107 1487 Fratre
1132 1435 1363 1487 Roberto
1385 1435 1742 1488 Cornt-hwaite
1761 1437 2026 1506 Episcopo
2051 1439 2322 1503 Loidensi,

413 1543 508 1595 per
542 1527 771 1578 alterum
810 1543 840 1577 e
864 1525 1153 1577 curialibus
1179 1524 1400 1576 Consilii
1429 1524 1729 1577 Christiano
1753 1529 1962 1578 nomini
1987 1531 2329 1598 propagando

418 1611 722 1680 praepositi,
748 1611 1112 1680 supplicatum
1134 1610 1303 1662 Nobis
1337 1616 1435 1674 est,
1461 1617 1525 1661 ut
1550 1612 1710 1663 sitam
1736 1613 1795 1663 in
1819 1613 2071 1665 Loidensi
2097 1613 2328 1666 Civitate

418 1698 729 1761 Ecclesiam,
753 1697 868 1748 Deo
911 1696 1127 1747 Sacram
1165 1697 1234 1746 ad
1266 1695 1516 1747 honorem
1551 1696 1775 1748 Sanctae
1814 1698 2001 1750 Annae
2038 1699 2329 1752 Genitricis

418 1783 807 1836 Immaculatae
842 1782 1102 1850 Deiparae
1125 1782 1382 1852 Virginis,
1420 1780 1749 1833 Cathedralis
1787 1784 1950 1835 titulo
1983 1786 2329 1849 condecorari,

416 1875 474 1921 et
515 1871 574 1920 in
622 1887 686 1921 ea
735 1868 1048 1936 Capitulum
1098 1867 1234 1936 erigi
1273 1868 1340 1918 de
1378 1867 1686 1935 Apostolica
1734 1870 1891 1920 venia
1938 1871 2122 1938 possit.
2220 1871 2329 1922 Nos

420 1954 722 2022 hujusmodi
772 1955 928 2017 votis,
988 1953 1058 2004 ad
1106 1953 1364 2020 majorem
1412 1952 1514 2003 Dei
1575 1953 1801 2022 gloriam
1845 1957 2327 2024 sempiternamque

418 2043 714 2092 animarum
741 2039 984 2103 salutem,
1013 2039 1207 2090 libenti
1231 2039 1412 2090 animo
1455 2043 1767 2103 annuenteS,
1813 2045 1870 2091 et
1911 2058 2094 2092 omnes
2118 2058 2181 2092 ac
2219 2044 2325 2092 sin-

420 2128 587 2196 gu105,
612 2127 803 2194 quibus
827 2125 1052 2176 Nostrae
1076 2124 1174 2176 hae
1217 2124 1430 2175 Literae
1456 2124 1655 2187 favent,
1698 2124 1955 2192 peculiari
1979 2126 2324 2178 beneficentia
2424 2190 2427 2193 ι

418 2214 660 2282 prosequi
685 2213 920 2264 volentes
944 2214 1000 2262 et
1023 2228 1053 2261 e
1077 2209 1351 2278 quibusvis
1370 2211 1937 2263 excommunicationis
1962 2216 2019 2263 et
2036 2214 2327 2277 interdicti,

423 2301 642 2367 aliisque
664 2296 1033 2350 ecclesiasticis
1058 2295 1357 2358 sententiis,
1375 2294 1608 2346 censuris
1631 2311 1693 2345 ac
1728 2298 1928 2363 poenis,
1953 2299 2138 2365 quovis
2174 2301 2327 2350 modo

422 2387 503 2437 vel
527 2385 715 2452 quavis
739 2385 807 2435 de
831 2399 988 2435 causa
1011 2381 1156 2445 latis,
1182 2381 1227 2432 si
1252 2397 1383 2448 quas
1407 2380 1543 2431 forte
1567 2381 1901 2444 incurrerint,
1928 2382 2018 2449 huj
2026 2401 2086 2434 us
2118 2388 2326 2435 tantum

422 2474 491 2523 cei
539 2471 712 2541 gratia
760 2468 1092 2520 absolventes
1129 2470 1187 2517 et
1234 2465 1504 2517 absolutos
1543 2465 1653 2516 fore
1691 2472 1982 2530 censenteS,
2021 2468 2328 2535 Apostolica

420 2558 752 2609 Auctoritate
775 2554 989 2617 Nostra,
1012 2552 1201 2604 harum
1244 2551 1545 2602 Literarum
1579 2551 1653 2614 vi,
1678 2553 2005 2619 praedictam
2035 2554 2328 2606 Ecclesiam

418 2644 646 2696 Sanctae
680 2641 866 2691 Annae
903 2639 964 2689 in
1005 2637 1260 2690 Loidensi
1303 2635 1538 2688 Civitate
1578 2637 1755 2699 sitam,
1800 2635 2128 2690 Cathedralis
2167 2641 2328 2690 titulo

420 2732 738 2798 perpetuum
762 2726 821 2776 in
845 2725 1067 2776 modum
1092 2724 1419 2785 decoramuS,
1443 2738 1720 2790 augemUS,
1757 2723 2075 2791 propriaque
2099 2724 2327 2789 aliarum

415 2812 817 2867 cathedralium
867 2809 1226 2860 Ecclesiamm
1261 2808 1386 2876 jura
1433 2812 1491 2858 et
1539 2806 1822 2875 privilegia
1881 2812 2136 2876 perpetuo
2197 2810 2328 2861 item

420 2899 701 2951 deferimus
725 2899 782 2947 et
806 2895 1107 2964 elargimur.
1168 2893 1444 2945 Praeterea
1459 2892 1518 2942 in
1537 2897 1828 2943 memorata
1846 2893 2085 2944 Ecclesia
2104 2893 2330 2946 Sanctae

420 2987 618 3046 Annae,
642 2981 947 3050 Apostolica
971 2980 1307 3031 Auctoritate
1338 2979 1533 3030 Nostra
1559 2978 1871 3046 Capitulum
1895 2981 2167 3046 perpetuis
2191 2984 2328 3031 tem—

419 3072 634 3141 poribus
681 3068 1035 3129 instituimus,
1078 3066 1219 3133 quod
1262 3069 1445 3115 tamen
1485 3062 1763 3115 Canonicis
1800 3067 1857 3114 et
1896 3063 2204 3131 Praeposito
2240 3082 2330 3132 per

422 3159 658 3227 ejusdem
708 3152 1146 3223 Congregationis
1195 3152 1262 3202 de
1311 3150 1659 3219 Propaganda
1709 3148 1845 3199 Fide
1892 3149 2205 3216 rescriptum
2242 3151 2331 3201 die

420 3247 562 3296 xxix.
586 3243 623 3295 J
623 3242 725 3293 ulii
749 3241 852 3291 hoc
863 3242 1104 3290 vertente
1128 3254 1266 3288 anno
1291 3236 1583 3304 designatis
1598 3239 1834 3286 constare
1849 3234 2108 3285 volumus.
2182 3235 2330 3286 Haec

423 3329 756 3381 concedimus
780 3329 942 3392 atque
967 3324 1270 3385 statuimuS,
1295 3321 1513 3373 servatis
1540 3322 1851 3389 praesertim
1875 3337 2011 3388 quae
2034 3337 2068 3371 a
2092 3318 2330 3372 Concilio

419 3414 734 3465 Tridentino
779 3411 1029 3463 servanda
1068 3408 1507 3477 praescribuntur.
1597 3406 1947 3456 Decernentes
1989 3405 2084 3456 has
2120 3406 2326 3457 Literas

424 3500 471 3551 N
474 3504 638 3550 ostras
684 3498 879 3560 firmas,
928 3496 1130 3546 validas
1180 3497 1236 3544 et
1283 3492 1516 3543 efficaces
1566 3492 1789 3542 existere
1838 3495 1894 3541 et
1943 3491 2069 3553 fore,
2107 3508 2330 3559 suosque

423 3585 682 3653 plenarios
705 3587 760 3634 et
785 3584 1017 3651 integros
1043 3579 1260 3631 effectus
1287 3577 1460 3628 sortiri
1487 3581 1542 3627 et
1568 3576 1818 3634 obtinere,
1846 3575 2123 3643 eidemque
2147 3576 2330 3627 Eccle-

419 3672 530 3721 siae
553 3673 610 3720 et
635 3667 885 3723 Capitulo
927 3664 1234 3719 plenissime
1279 3662 1588 3719 suffragariz
1628 3661 1808 3717 sicque
1832 3661 1891 3710 in
1915 3660 2212 3716 praemissis
2237 3678 2331 3717 ner
