2534 4374
951 490 1192 533 Arrsxn.
1240 493 1276 533 1.
1938 483 1985 538 l(
2002 486 2055 534 m

154 639 456 690 sanctitatis
502 640 864 707 splendoribus
906 657 1110 708 semper
1150 645 1333 691 ornata
1371 640 1615 707 fulgeret,
1641 660 1700 692 ac
1729 643 1809 693 vel
1848 645 1913 693 ab
1951 647 2061 712 ilua

144 724 423 793 originalis
467 725 654 792 culpae
697 725 815 775 labe
859 724 1014 792 plane
1055 724 1311 774 immunis
1337 725 1724 792 amplissimum
1752 727 1816 777 dc
1841 731 2062 797 antiquo

153 813 390 876 serpente
428 810 763 876 triumphum
802 810 1015 861 referret
1053 815 1165 860 tam
1204 810 1532 860 Venerabilis
1570 811 1760 875 Mater,
1798 815 1882 864 cui
1926 815 2060 865 Dru-z

153 894 311 944 Pater
334 894 557 944 unicum
585 894 790 945 Filium
831 912 1006 958 suum,
1032 911 1192 962 quem
1232 896 1299 946 de
1336 896 1487 946 corde
1525 914 1618 947 suo
1649 899 1919 965 aequalem
1961 903 2059 952 sihi

143 980 397 1047 genitum
423 985 680 1047 tanquam
702 981 933 1046 seipsum
960 980 1159 1046 diligit,
1187 981 1266 1030 ita
1291 982 1412 1031 (lare
1438 982 1717 1049 disposuit,
1744 991 1803 1033 ut
1830 987 2061 1035 natural-

152 1068 252 1117 iter
276 1072 412 1118 esset
435 1084 572 1118 unus
598 1068 845 1134 idemque
871 1068 1168 1118 communis
1189 1068 1286 1118 Dei
1314 1068 1506 1130 Patris,
1530 1077 1586 1119 et
1611 1069 1845 1139 Virginis
1872 1071 2058 1134 Filius,

151 1157 209 1203 et
231 1170 393 1220 quam
418 1154 533 1220 ipse
559 1152 733 1203 Filius
761 1152 1178 1203 substantialiter
1203 1153 1373 1204 facere
1398 1154 1499 1206 sibi
1531 1155 1759 1206 Matrem
1786 1157 1966 1225 elegit,
2002 1167 2057 1209 ct

150 1238 217 1289 de
240 1255 346 1306 qua
384 1237 618 1306 Spiritus
657 1237 882 1289 Sanctus
918 1237 1110 1300 voluit,
1134 1243 1191 1288 et
1215 1242 1460 1305 operatus
1490 1247 1588 1303 est,
1611 1246 1675 1290 ut
1701 1242 2059 1309 conciperetur

144 1329 205 1374 -et
229 1328 528 1375 nasceretur
551 1323 662 1386 ille,
687 1324 751 1374 de
776 1340 882 1391 quo
907 1323 1018 1390 ipse
1053 1323 1307 1388 procedit.

295 1408 467 1470 Quam
523 1408 838 1477 originalem
898 1412 1157 1477 augustae
1216 1407 1454 1478 Virginis
1516 1410 1873 1460 innocentiam
1935 1428 2057 1462 cum

143 1494 452 1546 admirabili
476 1494 714 1563 ejusdem
742 1493 1048 1555 sanctitate,
1068 1492 1432 1560 praecelsaque
1451 1492 1550 1543 Dei
1578 1493 1768 1545 Matris
1792 1496 2057 1562 dignitate

144 1580 366 1631 omnino
403 1580 770 1631 cohaerentem
813 1578 1076 1630 catholica
1120 1576 1372 1641 Ecclesia,
1410 1594 1546 1645 quae
1570 1596 1603 1628 a
1640 1585 1819 1629 sancto
1858 1598 2059 1648 semper

143 1666 334 1717 edocta
359 1664 567 1733 Spiritu
603 1666 854 1716 columna
878 1668 960 1715 est
995 1680 1057 1714 ac
1081 1662 1482 1715 firmamentum
1522 1664 1777 1728 veritatis,
1803 1670 2055 1732 tanquam

146 1752 446 1802 doctrinam
475 1751 746 1819 possidens
773 1750 1036 1801 divinitus
1061 1753 1354 1816 acceptam,
1377 1753 1433 1799 et
1458 1748 1692 1801 coelestis
1730 1750 2058 1800 revelationis

149 1838 388 1905 deposito
413 1836 843 1904 comprehensam
868 1834 1163 1902 multiplici
1193 1834 1526 1885 continenter
1550 1835 1768 1896 ratione,
1794 1835 2058 1902 splendid-

148 1923 299 1990 isque
342 1923 498 1973 factis
540 1922 712 1991 magis
755 1922 814 1972 in
854 1921 964 1972 dies
1001 1920 1281 1988 explicare,
1314 1937 1619 1989 proponere,
1644 1938 1704 1970 ac
1729 1921 1899 1971 fovere
1923 1938 2058 1971 nun-

148 2025 310 2076 quam
335 2007 565 2059 destitit.
629 2006 785 2057 Hanc
809 2006 955 2057 enim
980 2005 1279 2057 doctrinam
1304 2005 1372 2055 ab
1396 2004 1782 2072 antiquissimis
1807 2007 2059 2074 tempori-

148 2094 247 2144 bus
271 2093 563 2162 vigentem,
589 2109 651 2142 ac
675 2090 919 2142 fidelium
955 2090 1149 2141 animis
1191 2090 1408 2158 penitus
1446 2090 1681 2152 insitam,
1705 2095 1762 2140 et
1798 2107 2056 2141 sacrorum

150 2177 476 2228 Antistitum
533 2177 670 2227 curis
730 2175 1030 2243 studiisque
1079 2192 1172 2242 per
1233 2174 1556 2226 catholicum
1608 2175 1784 2226 orbem
1836 2175 2059 2227 mirifice

149 2265 498 2331 propagatam
523 2261 640 2329 ipsa
678 2260 917 2310 Ecclesia
953 2259 1376 2310 luculentissime
1406 2260 1748 2327 significavit,
1772 2278 1896 2311 cum
1922 2261 2059 2328 ejus-

150 2349 273 2399 dem
298 2347 538 2416 Virginis
564 2344 980 2413 conceptionem
1018 2345 1232 2413 publico
1274 2344 1518 2395 fidelium
1556 2345 1727 2395 cultui
1761 2362 1821 2395 ac
1848 2362 2057 2395 venera-

150 2434 288 2485 tioni
314 2449 600 2501 proponere
624 2448 731 2483 non
758 2431 1049 2482 dubitavit.
1125 2429 1238 2491 Quo
1263 2430 1462 2481 illustri
1482 2431 1699 2497 quidem
1728 2430 1869 2481 facto
1896 2432 2058 2498 ipsius

151 2521 388 2590 Virginis
431 2518 847 2587 Conceptionem
888 2518 1058 2569 veluti
1100 2516 1440 2585 singularem,
1465 2518 1674 2579 miram,
1700 2522 1756 2568 et
1778 2534 1809 2567 a
1835 2517 2059 2583 reliquo-

151 2624 271 2658 rum
330 2604 613 2656 hominum
673 2605 977 2672 primordiis
1031 2604 1336 2674 longissime
1398 2607 1667 2665 secretam,
1729 2607 1781 2652 et
1844 2603 2058 2652 omnino

154 2695 392 2742 sanctam
433 2689 710 2741 colendam
754 2689 1016 2752 exhibuit,
1055 2706 1179 2740 cum
1219 2688 1458 2739 Ecclesia
1500 2688 1707 2737 nonnisi
1749 2687 1811 2737 de
1850 2687 2057 2737 Sancti<

154 2780 266 2831 dies
310 2779 475 2843 {estos
523 2778 865 2830 concelebret.
963 2778 1141 2846 Atque
1190 2778 1386 2828 idcirco
1434 2777 1518 2828 vel
1568 2776 1831 2844 ipsissima
1886 2777 2058 2833 verba,

148 2865 349 2932 quibus
410 2864 625 2915 divinae
674 2863 978 2931 Scripturae
1025 2864 1093 2915 de
1142 2863 1376 2914 increata
1425 2862 1697 2930 Sapientia
1754 2862 2058 2929 loquuntur,

156 2950 375 3019 ejusque
414 2951 761 3018 sempiternas
803 2950 1032 3019 origines
1070 2952 1483 3016 repraesentant,
1532 2947 1803 2998 consuevit
1847 2952 1963 2998 tum
2003 2949 2055 2996 in

156 3040 524 3091 ecclesiasticis
561 3039 764 3101 officiiS,
789 3043 911 3090 tum
935 3039 995 3089 in
1019 3043 1345 3089 sacrosancta
1370 3038 1591 3108 liturgia
1622 3037 1886 3098 adhibere,
1912 3042 1968 3086 et
1991 3037 2056 3086 ad

155 3126 302 3177 illius
326 3126 564 3195 Virginis
589 3125 879 3193 primordia
903 3125 1197 3187 transferre,
1221 3141 1355 3192 quae
1391 3141 1497 3174 uno
1534 3123 1821 3190 eodemque
1852 3122 2059 3173 decreto

156 3229 282 3263 cum
305 3212 519 3263 divinae
546 3211 853 3280 Sapientiae
878 3211 1237 3262 incarnatione
1261 3211 1470 3261 fuerant
1493 3211 1826 3278 praestituta.

303 3296 556 3358 Quamvis
600 3302 782 3348 autem
831 3296 959 3349 haec
1002 3298 1181 3348 omnia
1229 3312 1385 3364 penes
1433 3295 1612 3346 fideles
1661 3294 1856 3359 ubique
1900 3310 2059 3359 propo

155 3387 368 3451 recepta
415 3383 714 3446 ostendant,
758 3399 863 3450 quo
906 3383 1083 3434 studio
1118 3382 1375 3450 ejusmodi
1427 3382 1492 3432 de
1544 3378 1891 3430 Immaculata
1943 3378 2060 3426 Vir-

158 3469 299 3537 ginis
348 3465 707 3535 Conceptione
763 3467 1058 3518 doctrinam
1114 3467 1227 3533 ipsa
1276 3483 1483 3533 quoque
1540 3464 1777 3516 Romana
1827 3461 2057 3511 Ecclesia

157 3553 399 3603 omnium
438 3552 794 3603 Ecclesiamm
819 3557 989 3602 mater
1015 3555 1071 3602 et
1094 3552 1346 3620 magistra
1371 3549 1529 3600 fuerit
1564 3553 1854 3615 prosecuta,
1880 3550 2057 3595 tamon

157 3637 387 3688 illustria
422 3637 580 3705 hujus
618 3636 887 3687 Ecclesiae
924 3636 1065 3686 facta
1102 3636 1263 3704 digna
1312 3634 1467 3702 plane
1517 3637 1658 3693 sunt,
1707 3648 1842 3697 quae
1891 3631 2060 3679 nomi-

160 3723 329 3773 natim
366 3726 749 3783 recenseantur,
789 3738 911 3771 cum
938 3726 1092 3770 tanta
1119 3721 1189 3769 sit
1227 3719 1462 3786 ejusdem
1502 3716 1766 3766 Ecclesiae
1804 3715 2056 3783 dignitas,

157 3813 320 3875 atque
355 3807 662 3869 auctoritas,
699 3810 901 3874 quanta
938 3805 1020 3855 illi
1059 3805 1275 3855 omnino
1311 3803 1548 3864 debetur,
1598 3818 1732 3868 quae
1782 3806 1861 3850 eet
1911 3800 2057 3848 cath-
