2534 4374
947 470 1195 514 APPEND.
1241 474 1278 515 1.
1939 463 2057 521 119

154 619 281 691 giae
324 621 674 669 monumenta
713 621 875 685 atque
917 617 1270 671 ecclesiastica
1314 620 1485 672 officia
1529 639 1622 673 sua
1664 623 1828 674 veluti
1881 635 2064 693 sponu⁴

160 705 319 756 fuisse
383 703 710 766 traductum,
760 708 816 754 et
865 703 922 754 in
971 703 1080 755 illis
1128 706 1323 773 passim
1384 724 1653 771 recurrere,
1717 710 2065 779 ampliterquv

157 788 422 841 dominari
462 804 618 839 nemo
662 788 889 857 ignorat,
932 805 1055 839 cum
1080 790 1138 840 in
1164 790 1271 841 illis
1297 790 1523 860 Deipara
1547 797 1817 846 invocetur
1843 802 1897 845 et
1924 813 2066 863 prae-

161 874 369 926 dicetur
393 872 565 924 veluti
607 890 721 924 rosa
764 890 966 942 semper
989 874 1193 943 vigens,
1218 880 1274 926 et
1309 877 1656 946 undequaque
1694 882 1990 947 purissima,
2015 890 2066 932 et

161 976 365 1027 semper
407 958 755 1009 immaculata
798 975 1103 1026 semperque
1147 960 1320 1024 beata,
1361 978 1423 1013 ac
1466 963 1751 1016 celebretur
1795 967 1876 1016 uti
1921 967 2071 1017 inno-

160 1045 357 1108 centia,
397 1061 531 1111 quae
573 1060 847 1112 nunquam
888 1044 995 1095 fuit
1030 1044 1187 1110 laesa,
1212 1053 1269 1097 et
1304 1047 1471 1099 altera
1496 1048 1627 1112 Eva,
1652 1067 1785 1117 quae
1814 1051 2065 1103 Emman-

163 1130 338 1182 uelem
363 1128 588 1197 peperit.

306 1214 402 1266 Nil
426 1214 594 1283 igitur
618 1214 815 1265 mirum
841 1215 886 1267 si
911 1215 978 1267 de
1004 1215 1360 1268 Immaculata
1388 1217 1647 1286 Deiparae
1675 1220 1910 1289 Virginis
1938 1220 2072 1273 Con-

162 1302 408 1372 ceptione
433 1300 730 1351 doctrinam
746 1300 957 1369 judicio
978 1300 1200 1353 Patrum
1228 1302 1423 1354 divinis
1450 1304 1673 1357 Litteris
1692 1308 2074 1374 consignatam,

164 1392 250 1440 tot
284 1386 610 1457 gravissimis
649 1386 953 1436 eorumdem
990 1387 1313 1439 testimoniis
1357 1390 1632 1453 traditam,
1658 1396 1741 1441 tot
1777 1391 2070 1444 illustribus

165 1472 489 1526 venerandae
527 1470 870 1538 antiquitatis
913 1473 1275 1523 monumentis
1311 1490 1605 1540 expressam
1642 1481 1696 1525 et
1741 1476 2075 1539 celebratam,

162 1576 227 1612 ac
250 1558 484 1609 maximo
507 1556 920 1625 gravissimoque
946 1556 1212 1608 Ecclesiae
1229 1558 1438 1625 judicio
1464 1560 1787 1628 propositam
1809 1568 1864 1612 et
1890 1563 2074 1613 confir-

166 1647 370 1696 matam
388 1646 543 1693 tanta
560 1643 781 1710 pietate,
800 1641 1055 1711 religione
1075 1648 1131 1693 et
1148 1660 1322 1695 amore
1347 1645 1516 1712 ipsius
1537 1646 1801 1697 Ecclesiae
1828 1654 2075 1714 pastoreS,

167 1728 460 1798 populique
502 1726 682 1778 fideles
725 1726 966 1794 quotidie
1009 1728 1181 1796 magis
1207 1728 1442 1796 profiteri
1469 1731 1577 1780 sint
1600 1730 1831 1799 gloriati,
1858 1738 1920 1782 ut
1945 1732 2076 1783 nihil

166 1815 358 1867 iisdem
374 1813 599 1876 dulcius,
613 1812 751 1863 nihil
766 1811 992 1875 charius,
1007 1829 1171 1879 quam
1187 1813 1573 1866 ferventissimo
1588 1816 1782 1867 affectu
1800 1817 2078 1884 Deiparam

168 1900 447 1969 Virginem
470 1898 667 1966 absque
692 1897 808 1948 labe
827 1898 1074 1967 originali
1100 1903 1413 1967 conceptam
1431 1901 1630 1968 ubique
1649 1902 1814 1953 colere
1834 1903 2081 1961 venerari,

169 1986 428 2048 invocare,
448 1987 505 2035 et
522 1983 840 2051 praedicare.
901 1981 1252 2043 Quamobrem
1278 1984 1345 2035 ab
1369 1986 1604 2052 antiquis
1624 1987 1949 2054 temporibus
1974 2005 2082 2037 sac-

169 2085 346 2120 rorum
364 2066 668 2128 Antistites‚
692 2064 1032 2116 ecclesiastici
1072 2066 1190 2129 viri,
1218 2065 1505 2134 Regulares
1530 2065 1766 2130 OrdineS,
1786 2086 1845 2118 ac
1872 2068 1953 2118 vel
1978 2069 2077 2136 ipsi

172 2154 520 2222 Imperatores
544 2155 599 2201 et
632 2150 803 2220 Reges
828 2150 896 2201 ab
918 2149 1017 2201 hac
1042 2150 1347 2218 Apostolica
1367 2150 1500 2203 Sede
1527 2153 1678 2203 enixe
1715 2153 2086 2221 efflagitarunt.

171 2244 237 2292 ut
273 2238 631 2291 Immaculata
677 2235 1054 2288 Sanctissimae
1099 2236 1202 2287 Dei
1249 2236 1538 2288 Genitricis
1580 2237 1865 2306 Conceptio
1916 2240 2077 2290 veluti

174 2325 467 2378 catholicae
521 2323 648 2374 fidei
697 2323 892 2391 dogma
953 2321 1273 2373 definiretur.
1357 2321 1503 2383 Quae
1545 2324 1928 2391 postulationes
1985 2326 2080 2375 hac

170 2415 351 2464 nostra
373 2426 582 2478 quoque
605 2411 782 2459 aetate
807 2408 1030 2458 iteratae
1056 2408 1270 2458 fuerunt
1289 2425 1350 2459 ac
1368 2409 1707 2476 potissimum
1728 2410 1895 2460 felicis
1920 2428 2082 2460 recor-

176 2497 406 2548 dationis
458 2494 712 2562 Gregorio
754 2493 926 2556 XVI.‚
970 2493 1357 2545 Praedecessori
1405 2493 1614 2558 Nostro,
1658 2512 1718 2545 ac
1756 2495 1920 2546 Nobis
1956 2497 2083 2563 ipsis

171 2583 382 2635 oblatae
417 2585 543 2632 sunt
578 2585 698 2631 tum
734 2579 804 2631 ab
840 2579 1136 2647 Episcopis,
1175 2583 1294 2630 tum
1331 2596 1363 2630 a
1400 2577 1548 2630 Clero
1586 2580 1856 2641 saeculari,
1893 2586 2010 2630 tum
2048 2599 2078 2630 a

177 2668 434 2737 religiosis
476 2665 714 2728 familiis,
757 2681 819 2715 ac
863 2665 1082 2715 summis
1115 2664 1444 2732 principibus
1479 2669 1535 2715 et
1577 2663 1820 2715 fidelibus
1858 2665 2079 2732 populis.

319 2751 428 2803 Nos
453 2751 638 2819 itaque
663 2750 919 2819 singulari
945 2749 1115 2800 animi
1140 2749 1322 2799 Nostri
1346 2749 1545 2817 gaudio
1569 2748 1697 2799 haec
1723 2751 1900 2799 omnia
1925 2750 2082 2816 probe

175 2842 463 2901 noscentes,
489 2853 550 2887 ac
576 2836 707 2887 serio
732 2835 1138 2898 consideranteS,
1163 2836 1252 2884 vix
1278 2834 1408 2884 dum
1442 2834 1569 2885 licet
1605 2835 1861 2884 immeriti
1898 2851 2082 2884 arcano

179 2925 392 2977 divinae
415 2921 789 2973 Providentiae
808 2920 1027 2972 consilio
1046 2920 1114 2971 ad
1139 2920 1274 2970 hanc
1295 2919 1577 2970 sublimem
1604 2919 1750 2970 Petri
1777 2918 2077 2969 cathedram

176 3010 351 3063 evecti
387 3009 554 3060 totius
590 3006 855 3057 Ecclesiae
879 3005 1234 3076 gubernacula
1267 3005 1545 3056 tractanda
1569 3004 1912 3072 suscepimus,
1940 3004 2071 3053 nihil

182 3101 322 3149 certe
346 3095 619 3163 antiquius
643 3093 945 3156 habuimus,
970 3108 1133 3160 quam
1158 3107 1251 3158 pro
1278 3106 1485 3140 summa
1509 3089 1701 3140 Nostra
1727 3089 1808 3138 vel
1834 3106 1865 3138 a
1892 3089 2080 3139 teneris

178 3183 335 3234 annis
382 3198 505 3250 erga
548 3179 951 3231 Sanctissimam
1001 3177 1101 3228 Dei
1157 3175 1485 3226 Genitricem
1536 3174 1810 3241 Virginem
1855 3173 2076 3223 Mariam

183 3268 535 3330 veneratione,
575 3266 779 3333 pietate
815 3268 872 3315 et
912 3263 1108 3314 affectu
1151 3278 1212 3312 ea
1250 3261 1428 3311 omnia
1465 3275 1725 3327 peragere,
1750 3275 1884 3325 quae
1909 3258 2079 3307 adbuc

183 3357 243 3407 in
280 3353 546 3406 Ecclesiae
570 3351 709 3402 votis
748 3367 855 3401 esse
891 3351 1153 3417 poterant,
1179 3351 1239 3397 ut
1280 3346 1621 3396 Beatissimae
1653 3344 1886 3412 Virginis
1923 3343 2082 3393 honor

186 3444 482 3511 augeretur,
498 3437 715 3504 ejusque
732 3436 1142 3504 praerogativae,
1162 3432 1388 3482 uberiori
1410 3431 1526 3481 luce
1546 3430 1795 3480 niterent.
1858 3427 2079 3478 Omnem

182 3531 368 3580 autem
403 3523 774 3575 maturitatem
810 3521 1056 3571 adhibere
1093 3518 1325 3569 volentes
1358 3515 1728 3566 constituimus
1764 3513 2079 3581 peculiarem

187 3613 301 3663 VV.
327 3610 438 3661 FF.
463 3607 584 3658 NN.
613 3606 666 3658 S.
692 3606 756 3657 R.
784 3606 847 3657 E.
876 3603 1236 3657 Cardinalium
1266 3601 1535 3669 religione,
1562 3598 1796 3660 consilio,
1820 3615 1880 3648 ac
1905 3598 2078 3647 divin-

188 3714 338 3748 arum
360 3710 533 3746 rerum
557 3691 780 3742 scientia
804 3690 1092 3740 illust-rium
1118 3684 1594 3754 congregationem,
1613 3688 1667 3733 et
1689 3684 1821 3732 viros
1844 3700 1907 3732 ex
1935 3682 2081 3732 Clero

185 3782 308 3829 tum
356 3774 624 3837 saeculari,
673 3777 792 3823 tum
840 3770 1085 3839 regulari,
1134 3766 1444 3834 theologicis
1492 3764 1787 3832 disciplinis
1840 3765 2078 3831 apprime
