2534 4374
369 443 454 503 ⁴26
866 459 870 462 ’
955 457 1115 499 CONC.
1161 455 1332 498 PRov.
1377 454 1596 496 WEs'rM.
1641 454 1683 495 1.

364 607 449 658 Ea:
475 623 583 675 quo
609 604 884 673 dilectus),
928 608 961 633 ‘⁶
979 619 1074 653 nos
1109 618 1203 669 pro
1239 617 1381 650 mera
1416 600 1672 666 inanique
1709 599 1933 650 formula
1968 599 2264 651 habendam

363 709 472 742 esse
496 696 747 759 putamus
772 690 1057 741 solemnem
1080 686 1231 737 illam
1255 685 1588 736 obedientiae
1608 690 1664 735 et
1687 687 2008 736 reverentiae
2033 686 2263 753 sponsio-

364 795 485 827 nem
525 814 705 827 .....
743 775 985 842 quinimo
1034 773 1261 823 libenter
1309 771 1645 840 agnoscimus
1693 771 2055 838 presbyterum
2104 771 2262 839 hujus

363 862 719 930 promissionis
755 860 951 928 vigore,
990 875 1051 909 ea
1086 858 1202 926 lege
1238 857 1380 906 inter
1414 855 1546 906 alias
1581 856 1899 906 adstrictum
1935 856 2118 920 teneri,
2143 861 2207 907 ut
2230 873 2263 907 a

363 947 573 996 servitio
618 945 898 1007 Ecclesiae,
938 944 1027 993 cui
1069 943 1128 992 in
1165 942 1496 992 ordinatione
1532 941 1776 992 addictus
1800 940 1978 1005 fuerit,
2001 941 2263 993 discedere

365 1035 593 1098 nequeat
617 1030 812 1096 absque
836 1028 1054 1078 licentia
1077 1025 1360 1095 episcopi.’'

984 1235 1389 1288 DECRETUM
1450 1235 1635 1287 XXII.

829 1369 911 1424 De
947 1368 1304 1423 Sacramento
1341 1365 1722 1421 Matrimonii.

501 1505 605 1555 Vix
629 1504 777 1556 aliud
814 1508 894 1555 est
929 1486 1195 1554 Ecclesiae
1232 1505 1635 1565 sacramentum,
1673 1503 1810 1554 circa
1833 1503 1985 1554 cuius
2006 1502 2260 1554 adminis-

358 1591 642 1642 trationem
666 1595 780 1640 tam
804 1606 986 1658 graves
1022 1589 1285 1656 insurgere
1321 1587 1526 1654 possint
1563 1586 1916 1651 difficultateS,
1956 1589 2013 1638 in
2049 1589 2259 1657 regione

357 1677 663 1744 praesertim
702 1675 795 1726 ubi
834 1675 973 1743 leges
1009 1673 1189 1724 civiles
1221 1672 1562 1722 matrimonia
1594 1672 1651 1721 in
1684 1672 1819 1722 facie
1845 1672 2111 1723 Ecclesiae
2137 1689 2258 1723 con—

358 1766 527 1811 tracta
564 1778 670 1810 non
712 1760 1026 1822 admittunt,
1064 1762 1120 1808 et
1161 1758 1255 1808 ubi
1291 1774 1416 1808 cum
1453 1756 1760 1807 acatholicis
1795 1756 1976 1807 fideles
2007 1758 2258 1825 permixti

358 1847 564 1896 vivunt.
639 1844 858 1896 Summa
882 1844 1050 1913 igitur
1074 1859 1195 1893 cum
1220 1842 1503 1910 prudentia
1528 1843 1793 1911 agendum
1818 1846 1898 1892 est
1921 1859 1953 1892 a
1978 1842 2258 1893 sacerdoti-

357 1932 454 1982 bus
479 1947 656 1981 curam
681 1931 978 1979 animarum
1002 1928 1337 1992 habentibuS‚
1373 1928 1432 1978 in
1455 1927 1523 1978 iis
1559 1943 1696 1995 quae
1730 1927 1890 1995 hujus
1929 1925 2256 1978 Sacramenti

357 2016 867 2067 administrationem
890 2013 1196 2080 respiciunt.

501 2103 548 2151 1.
598 2100 855 2151 Moneant
892 2099 1190 2166 frequenter
1232 2098 1335 2149 sibi
1383 2097 1621 2149 subditos
1670 2098 1734 2149 de
1783 2098 1897 2166 ejus
1947 2098 2263 2160 sanctitate„

355 2191 544 2254 utpote
569 2203 600 2236 a
624 2186 851 2235 Domino
874 2184 1067 2235 Nostro
1091 2183 1128 2234 J
1128 2201 1220 2234 esu
1259 2183 1466 2235 Christo
1502 2184 1764 2246 instituti,
1800 2187 1857 2234 et-
1892 2184 2063 2250 primo
2087 2185 2255 2252 ipsius

354 2271 606 2322 miraculo
648 2270 991 2321 cohonestati.
1082 2268 1306 2319 Faciant
1350 2273 1415 2319 ut
1454 2267 1765 2320 abhorreant
1802 2285 1835 2319 a
1874 2269 2081 2335 nuptiis
2123 2269 2254 2320 alias

356 2373 516 2424 quam
540 2357 649 2406 ritu
674 2354 933 2406 catholico
968 2355 1155 2414 initis3
1193 2354 1485 2421 acriterque
1521 2370 1608 2405 eos
1643 2353 2029 2421 reprehendant
2065 2354 2159 2421 qui
2195 2355 2254 2405 in

356 2440 555 2508 templo
578 2440 956 2507 protestantico
979 2440 1381 2490 matrimonium
1405 2439 1742 2490 contrahunt.

499 2527 549 2575 2.
600 2524 864 2576 Servanda
902 2524 988 2575 lex
1025 2524 1254 2575 faciendi
1289 2523 1677 2592 publicationes
1700 2523 2158 2574 matrimoniorum
2193 2525 2254 2575 in

357 2608 608 2658 Ecclesia.
681 2607 874 2658 Modus
898 2624 1016 2658 vero
1042 2611 1097 2657 et
1132 2611 1344 2674 tempus
1379 2623 1465 2658 eas
1500 2607 1870 2657 introducendi
1911 2606 2254 2673 relinquenda

357 2693 602 2743 videntur
637 2692 951 2759 prudentiae
987 2692 1313 2760 singulorum
1349 2693 1728 2759 episcoporum,
1756 2707 1850 2759 pro
1875 2691 2091 2745 diversis
2114 2691 2254 2743 loco-

357 2795 475 2828 rum
499 2777 909 2827 circumstantiis
932 2794 1043 2828 rem
1068 2778 1268 2828 diverse
1290 2778 1659 2828 tractantium.

501 2864 550 2912 3.
601 2861 704 2911 Eos
729 2862 822 2928 qui
845 2862 1247 2912 matrimonium
1271 2865 1396 2912 sunt
1420 2862 1741 2912 contracturi
1763 2860 2072 2912 adhortetur
2088 2877 2254 2914 sacer-

357 2949 466 3009 dos,
525 2950 581 2996 et
628 2947 842 2996 omnino
889 2945 1029 2996 nihil
1075 2947 1405 2997 intentatum
1460 2946 1745 3014 relinquat,
1792 2950 1858 2996 ut
1915 2946 2137 2997 inducat
2183 2947 2253 2999 ad

355 3033 623 3100 praeviam
682 3036 1015 3098 peccatorum
1075 3049 1288 3084 suorum
1349 3032 1743 3096 confessionem,
1801 3035 1859 3083 et
1916 3031 2135 3101 dignam
2195 3031 2250 3084 S.

357 3117 720 3166 Eucharistiae
757 3118 1162 3184 perceptionem.

500 3204 551 3251 4.
599 3201 722 3252 Non
770 3201 1055 3252 celebretur
1102 3202 1505 3254 matrimonium
1564 3204 1623 3253 in
1684 3202 1915 3253 ecclesiis
1961 3218 2097 3269 quae
2142 3217 2251 3254 non

355 3283 552 3334 habent
575 3283 677 3334 sibi
701 3299 964 3334 annexum
988 3284 1293 3335 districtum
1317 3285 1567 3354 aliquem,
1582 3293 1706 3338 cum
1730 3301 1855 3335 cura
1877 3285 2174 3335 animarum
2190 3285 2250 3335 in

358 3385 419 3419 eo
445 3368 769 3437 degentium.

499 3454 549 3503 5.
597 3452 756 3503 Liber
777 3454 1235 3506 matrimoniorum
1259 3461 1502 3508 accurate
1523 3459 1769 3507 teneatur
1791 3455 1851 3505 in
1867 3455 2015 3505 omni
2032 3454 2250 3506 ecclesia

356 3539 417 3588 in
440 3537 630 3604 quibus
660 3537 1000 3591 celebrantur.

501 3622 549 3672 6.
602 3621 846 3672 Sacerdos
863 3625 1260 3676 matrimonium
1274 3626 1508 3676 mixtum
1531 3642 1639 3678 non
1654 3625 1898 3688 celebret,
1908 3625 2021 3676 sine
2037 3624 2248 3692 praevia

359 3707 694 3774 promissione
720 3707 936 3756 obtenta
961 3712 1074 3758 tam
1098 3726 1129 3758 a
1153 3714 1302 3776 parte
1338 3710 1598 3760 catholica
1621 3726 1783 3776 quam
1807 3726 1838 3759 a
1861 3713 2012 3777 parte
2035 3709 2247 3760 acatho-

357 3794 478 3855 lica,
498 3793 560 3842 de
586 3792 853 3843 educanda
875 3793 1018 3861 prole
1041 3795 1314 3862 utriusque
1339 3813 1489 3846 sexus
1507 3796 1565 3846 in
1583 3794 1833 3862 religione
1858 3793 2135 3858 catholica,
2149 3811 2247 3845 nec
