2534 4374
413 433 500 497 <37
505 432 544 491 2
1195 446 1436 488 Annlrro
1477 446 1559 488 11.··

408 615 596 648 eorum
621 591 1066 659 communionem,
1106 596 1416 663 opportunis
1455 596 1894 648 instructionibus
1931 598 2220 660 erudierit3
2257 615 2329 651 an

417 687 723 750 priusquam
747 681 927 732 fideles
943 679 1020 730 sad
1058 681 1401 731 matrimonia
1440 681 1499 732 in
1539 682 1733 732 faciem
1777 682 1994 734 ecclesia
2019 683 2330 736 celebranda

409 768 692 829 admittat,
710 766 914 816 debitas
933 755 1305 832 inquisitiones
1320 766 1640 830 adhibuerit,
1660 771 1822 834 atque
1842 768 2112 832 adhibeat,
2137 769 2330 837 quibus

418 858 540 904 tuto
565 851 948 919 deprehendere
971 852 1154 918 possit,
1179 850 1391 901 nullum
1419 851 1552 902 inter
1588 851 1955 904 contrahentes
1979 854 2333 922 impedimen-

419 941 539 987 tum
563 938 800 999 existere,
817 937 1132 1003 eosdemque
1157 936 1319 986 libere
1337 937 1680 988 matrimonio
1699 939 2011 1003 consentire,
2028 956 2090 990 ac
2116 940 2331 990 demum

420 1023 476 1071 in
502 1021 744 1072 doctrina
768 1020 1073 1084 christiana,
1098 1021 1331 1071 maxime
1345 1021 1540 1071 veroin
1555 1021 1821 1089 precipuis
1835 1023 2107 1092 religionis
2124 1028 2333 1075 nostrae

421 1108 700 1174 mysteriiS,
724 1106 844 1157 illos
862 1107 1149 1157 instructos
1173 1123 1284 1157 esse
1299 1123 1314 1167 3
1352 1107 1579 1174 denique
1597 1123 1667 1158 an
1684 1108 1941 1175 parochus
1961 1110 2103 1176 apud
2119 1127 2173 1160 se
2191 1113 2333 1160 recte

419 1193 686 1242 ordinatos
717 1192 947 1242 retineat
978 1191 1138 1242 libros
1171 1195 1292 1241 tum
1322 1190 1730 1259 baptizatorum,
1745 1193 1840 1244 ubi
1864 1194 1979 1245 fons
2002 1195 2334 1262 baptismalis

414 1265 560 1327 adsit
603 1278 663 1327 in
707 1277 876 1344 ipsius
917 1276 1153 1340 ecclesia,
1195 1281 1317 1327 tum
1362 1293 1504 1327 sacro
1555 1275 1850 1329 Chrismate
1888 1279 2334 1344 confirmatorum,

422 1363 580 1413 libros
605 1362 773 1412 etiam
797 1361 1278 1425 matrimoniorum,
1301 1365 1359 1412 et
1383 1366 1554 1412 status
1579 1363 1896 1414 animarum.

570 1450 654 1498 11.
706 1447 826 1498 Uno
875 1448 1031 1498 verbo
1079 1447 1346 1516 quidquid
1392 1448 1668 1515 episcopus
1716 1464 1749 1497 a
1795 1448 2021 1515 parocho
2082 1448 2334 1500 saeculari

422 1533 691 1600 exquirere
715 1537 876 1600 atque
901 1533 1105 1602 exigere
1130 1532 1263 1583 solet
1288 1549 1349 1583 ac
1393 1533 1569 1595 debet,
1594 1533 1663 1583 ad
1705 1550 1877 1596 omne,
1911 1533 2141 1603 regulari
2166 1534 2336 1585 obser-

425 1619 608 1668 vantia
649 1619 805 1668 unice
849 1622 1088 1685 excepta,
1127 1634 1160 1668 a
1197 1616 1422 1685 parocho
1461 1616 1688 1685 regulari
1723 1617 2008 1684 exquirere,
2035 1622 2089 1669 et
2132 1619 2339 1687 exigere

425 1710 599 1770 potest
620 1722 634 1759 ς
673 1709 835 1771 atque
859 1704 951 1754 ubi
975 1704 1118 1754 hunc
1160 1703 1368 1754 muneri
1401 1720 1493 1754 suo
1519 1702 1771 1754 defecisse
1795 1705 2126 1771 compererit,
2152 1721 2340 1772 oppor-

427 1797 559 1838 tuna
583 1789 792 1839 decreta
807 1788 1029 1839 condere
1045 1794 1101 1840 et
1118 1789 1478 1857 pronunciare,
1495 1805 1557 1839 ac
1574 1789 1790 1839 meritas
1804 1789 1864 1838 in
1881 1790 2130 1839 eumdem
2144 1806 2339 1857 poenas

426 1879 659 1924 statuere
679 1891 694 1934 3
743 1874 802 1924 in
827 1890 932 1940 quo
957 1874 1306 1924 nihilominus
1331 1874 1564 1942 episcopi
1605 1874 1888 1925 facultates
1912 1875 2138 1924 minime
2162 1875 2338 1941 priva-

428 1959 570 2009 tivae
596 1962 738 2021 sunt,
764 1958 853 2008 sed
876 1959 1082 2025 praesul
1100 1959 1354 2027 regularis
1369 1959 1462 2026 jus
1481 1958 1871 2009 cumulativum
1890 1976 2013 2008 cum
2030 1960 2145 2026 ipso
2161 1960 2338 2019 habet3

428 2045 508 2094 ita
531 2049 731 2106 tamen,
755 2047 837 2105 ut,
863 2044 907 2094 si
931 2043 1087 2094 aliter
1128 2060 1161 2094 a
1203 2044 1463 2111 superiore
1502 2043 1748 2111 regulari,
1791 2043 1947 2093 aliter
1988 2044 2054 2094 ab
2095 2045 2339 2111 episcopo

424 2128 638 2179 decerni
675 2128 971 2197 contingat,
1007 2128 1185 2196 hujuS,
1217 2145 1325 2179 non
1359 2146 1478 2179 vero
1510 2128 1674 2191 illius,
1699 2128 1922 2178 decretis
1947 2128 2017 2178 sit
2059 2129 2339 2188 standum3

431 2218 589 2281 prout
611 2213 743 2263 alias
767 2230 799 2263 a
825 2211 1246 2281 Congregatione
1291 2213 1596 2264 Tridentini
1622 2211 1848 2264 Concilii
1874 2212 2162 2280 interprete
2192 2213 2343 2281 judi-

425 2306 613 2350 catum
638 2300 763 2362 fuit,
780 2315 980 2366 nosque
998 2299 1317 2350 auctoritate
1333 2299 1622 2366 apostolica
1636 2299 1934 2366 probamUS,
1950 2298 2338 2362 confirmamUS,

425 2390 594 2452 atque
619 2384 966 2434 decernimus.
1038 2383 1374 2434 Privativum
1413 2388 1597 2434 tamen
1622 2383 1854 2451 episcopi
1870 2382 1961 2450 jus
1986 2387 2066 2434 est
2109 2384 2167 2432 111
2190 2400 2339 2450 paro-

435 2471 741 2520 chianorum
765 2471 933 2519 mores
957 2468 1237 2535 inquirere,
1256 2485 1318 2518 ac
1343 2469 1387 2519 si
1411 2484 1548 2535 quae
1566 2468 1706 2518 inter
1728 2469 1868 2534 ipsos
1894 2467 2137 2518 scandala
2161 2468 2343 2519 oborta

435 2556 650 2617 fuerint,
675 2554 874 2604 auditis
903 2553 1184 2620 proborum
1227 2570 1288 2604 ac
1330 2554 1675 2620 prudentium
1699 2552 1929 2602 virorum
1973 2553 2184 2602 sinceris
2209 2552 2341 2603 rela-

435 2640 688 2702 tionibuS,
714 2639 780 2689 de
803 2639 870 2688 iis
895 2631 1221 2707 cognoscere,
1265 2656 1432 2706 eaque
1470 2639 1781 2706 opportunis
1818 2637 2064 2688 remediis
2101 2653 2343 2700 resecare,

428 2730 493 2775 -et
515 2725 791 2775 reformare
811 2741 826 2784 3
875 2740 973 2773 nec
1014 2724 1158 2773 enim
1203 2723 1554 2791 superioribus
1593 2721 1918 2791 regularibus
1956 2722 2016 2771 in
2039 2721 2343 2789 hujusmodi

440 2809 725 2860 saeculares
748 2807 1027 2876 parochiae
1052 2808 1290 2859 subditos
1315 2808 1431 2859 ulla
1455 2808 1717 2876 competit
1733 2807 2056 2875 jurisdictio·

589 2896 671 2944 12.
721 2893 1019 2943 Eveniente
1043 2895 1227 2942 autem
1252 2909 1394 2956 casu,
1419 2909 1524 2960 quo
1549 2891 1634 2942 vel
1675 2893 1968 2959 episcopus,
1991 2891 2076 2942 vel
2114 2883 2344 2959 superior

441 2978 694 3048 regularis
719 2977 954 3044 aliquem
976 2993 1040 3027 ex
1078 2976 1366 3044 praedictis
1407 2976 1646 3044 parochis
1683 2975 1752 3026 ab
1791 2976 2039 3026 exercitio
2077 2993 2229 3026 curae
2265 2994 2345 3027 re-

443 3063 782 3124 movendum,
826 3062 1113 3128 eademque
1151 3061 1469 3128 privandum
1509 3078 1617 3111 esse
1653 3060 2044 3128 judicaverint3
2093 3062 2344 3127 quoniam

441 3148 748 3217 hujusmodi
771 3146 1028 3214 parochis,
1048 3147 1159 3196 sine
1177 3146 1390 3213 praevia
1409 3146 1642 3214 episcopi
1662 3146 2059 3213 approbatione,
2077 3147 2145 3196 ad
2165 3164 2343 3197 curam

436 3237 743 3286 animarum
761 3231 1001 3282 accedere
1024 3247 1357 3298 nequaquam
1381 3231 1526 3294 licet,
1546 3231 1788 3298 quamvis
1806 3247 1838 3279 a
1863 3230 1969 3280 suis
1994 3231 2344 3297 superioribus

445 3315 709 3383 deputati,
732 3313 1001 3380 iidemque
1025 3313 1093 3363 ad
1116 3316 1310 3362 nutum
1336 3312 1443 3363 sint
1483 3311 1790 3361 amovibiles
1809 3328 1825 3372 ;
1862 3311 2167 3362 dubitatum
2190 3330 2346 3380 prop-

446 3407 589 3452 terea
612 3400 736 3461 fuit,
755 3415 824 3448 an
839 3398 1112 3466 episcopus
1130 3401 1305 3465 posset
1321 3397 1390 3447 ad
1407 3396 1711 3464 hujusmodi
1725 3396 2041 3446 remotiones
2055 3398 2346 3463 procedere,

449 3488 562 3537 sine
586 3483 865 3551 superioris
887 3482 1141 3552 regularis
1166 3498 1437 3550 consenSU,
1463 3485 1516 3532 et
1543 3497 1612 3531 an
1635 3480 1943 3531 remotionis
1968 3497 2147 3531 causas
2172 3482 2344 3532 eidem

442 3571 722 3631 adducere,
764 3585 952 3635 easque
994 3567 1260 3618 verificare
1302 3566 1516 3617 deberet
1536 3583 1550 3626 3
1618 3569 1738 3615 tum
1779 3565 1945 3615 etiam
1987 3581 2054 3615 an
2097 3565 2347 3633 regularis

452 3655 683 3723 superior
706 3654 774 3705 ad
798 3653 1032 3705 similem
1070 3652 1420 3704 remotionem
1459 3655 1515 3702 et
1556 3651 1907 3719 privationem
1941 3666 2034 3701 suo
2048 3650 2171 3716 jure
2195 3651 2347 3701 deve-
