2534 4374
403 479 497 540 :36
991 497 1156 539 coNc.
1199 495 1366 538 PRov.
1411 495 1635 538 wEer.
1678 495 1719 537 1.

410 643 831 709 praesentandus,
856 642 1006 710 cujus
1029 644 1131 693 erit
1153 643 1320 709 ipsius
1345 640 1623 692 scientiam
1647 638 2020 708 theologicam,
2057 639 2224 690 etiam
2259 639 2306 689 si

411 727 636 778 voluerit
677 745 769 795 per
807 745 923 778 suos
963 728 1358 790 examinatores,
1398 725 1722 793 exploratam
1761 725 1969 789 habere,
2017 730 2304 792 antequam

410 813 638 878 petitam
662 812 1092 879 approbationem
1117 811 1199 861 illi
1224 811 1491 862 concedat.

551 900 602 946 4.
650 897 766 948 Viri
811 897 1061 966 religiosi,
1109 897 1203 963 qui
1251 897 1697 947 missionariorum
1758 895 1930 947 officio
1990 895 2305 963 funguntur,

409 986 636 1033 caeteros
659 983 969 1033 antecellere
987 983 1182 1033 debent
1205 982 1415 1032 arctiori
1439 983 1581 1032 vitae
1600 981 1898 1049 disciplina,
1916 981 2305 1031 mundanarum

406 1083 581 1116 rerum
599 1071 927 1135 contemth,
943 1084 1004 1117 ac
1020 1067 1341 1118 sublimioris
1357 1065 1823 1134 contemplationis
1838 1066 2030 1117 studio.
2075 1064 2306 1125 Quamo-

409 1151 569 1214 brem,
594 1152 758 1202 donec
781 1153 1118 1203 missionibus
1141 1151 1484 1202 inserviendis
1513 1152 1849 1214 incumbunt,
1885 1151 1952 1202 iis
1988 1151 2212 1202 decretis
2249 1166 2304 1201 se

407 1235 667 1302 subjectos
690 1241 925 1302 teneant,
950 1255 1087 1305 quae
1109 1256 1203 1306 pro
1228 1239 1342 1290 vita
1374 1239 1592 1289 honesta
1628 1237 1935 1288 clericorum
1960 1235 2306 1288 custodienda

408 1324 463 1370 et
487 1320 840 1372 confirmanda
864 1340 1020 1390 supra
1041 1323 1283 1374 tulimus.
1358 1321 1668 1391 Optandum
1706 1326 1787 1374 est
1822 1338 1945 1390 ergo
1981 1324 2047 1371 ut
2070 1321 2305 1371 vestibus

408 1406 603 1456 eisdem
645 1407 836 1473 quibus
879 1408 1167 1458 sacerdotes
1211 1408 1515 1472 saeculareS,
1557 1408 1738 1458 induti
1773 1408 2041 1470 incedant,
2077 1406 2181 1457 nisi
2220 1405 2303 1456 sui

407 1487 600 1538 ordinis
635 1490 903 1556 proprium
949 1489 1194 1540 habitum
1242 1494 1459 1558 gerant:
1515 1489 1583 1540 ab
1629 1489 1820 1540 iisdem
1862 1506 1916 1540 se
1964 1488 2300 1548 abstineant;

407 1573 589 1623 eadem
604 1578 700 1623 aut
721 1574 901 1641 potius
924 1574 1123 1639 maiora
1146 1574 1440 1642 perficiant.

549 1660 599 1709 5.
646 1659 810 1709 Nulla
857 1677 992 1711 nova
1040 1660 1226 1711 domus
1273 1659 1518 1729 religiosa
1566 1659 1835 1723 fundetur,
1889 1659 2002 1711 sine
2061 1673 2299 1728 expresso

406 1742 654 1794 ordinarii
682 1760 934 1796 consensu
957 1743 1046 1814 (1).

985 1938 1387 1991 DECRETUM
1446 1939 1711 1991 XXVIII.

1011 2071 1092 2124 De
1133 2070 1689 2126 Samtimonwlibm.

549 2204 574 2252 1
584 2241 597 2253 .
644 2203 1042 2269 Monasterium,
1063 2223 1154 2257 seu
1172 2207 1359 2258 domus
1372 2224 1509 2258 nova
1522 2207 1902 2275 religiosarum,
1919 2222 2027 2257 non
2044 2204 2299 2256 fundetur

402 2288 506 2338 nisi
531 2288 594 2338 de
618 2288 834 2340 licentia
858 2291 1107 2359 episcopi,
1132 2293 1227 2359 qui
1252 2293 1318 2344 de
1335 2293 1607 2357 instituto,
1630 2292 1850 2361 ejusque
1872 2291 2078 2359 legibus
2102 2307 2164 2341 ac
2188 2289 2294 2341 fine

403 2378 483 2424 est
505 2373 660 2440 plene
683 2375 1042 2427 informandus
1067 2376 1155 2447 (²).

545 2461 595 2509 2.
644 2458 857 2510 Praeter
879 2462 1196 2512 monasteria
1219 2467 1483 2532 exempta,
1507 2481 1644 2532 quae
1680 2462 1932 2531 superiori
1955 2461 2118 2511 alicui
2141 2477 2296 2530 regu-

401 2540 538 2590 1311
515 2558 632 2607 Jam
656 2541 899 2609 legitime
923 2548 1048 2594 sunt
1072 2545 1322 2610 subjecta,
1351 2546 1458 2597 alia
1493 2547 1673 2597 omnia
1707 2544 2008 2597 visitationi
2043 2542 2295 2594 ordinarii

403 2623 713 2685 subduntur,
739 2623 947 2674 etiamsi
971 2626 1039 2676 ab
1062 2626 1241 2694 aliqua
1265 2627 1371 2678 3113
1399 2628 1574 2692 domo,
1609 2628 1776 2679 etiam
1811 2630 1958 2678 trans
1992 2642 2136 2676 mare
2172 2626 2293 2690 sita,

402 2703 747 2771 dependeant.

546 2788 595 2836 3.
645 2786 820 2846 Quum
845 2788 911 2838 ob
933 2793 1168 2841 mutatas
1190 2790 1423 2842 locorum
1446 2795 1503 2843 et
1533 2794 1835 2860 temporum
1869 2790 2292 2842 circumstantias

399 2867 552 2934 plura
576 2885 727 2935 saepe
749 2870 808 2919 in
832 2871 1298 2924 constitutionibus
1321 2873 1624 2941 approbatis
1655 2872 1989 2936 monialium,
2014 2872 2291 2924 observatu

392 2953 654 3016 difficilia,
679 2958 735 3004 et
756 2955 914 3022 plane
937 2957 1284 3024 impossibilia
1306 2960 1647 3026 reperiantur,
1671 2959 1843 3010 veluti
1873 2962 2000 3010 sunt
2022 2957 2290 3009 abstinen-

397 3034 510 3084 tiae
534 3038 590 3084 et
616 3034 840 3102 jejunia,
874 3038 1037 3088 satius
1073 3039 1299 3103 videtur,
1333 3041 1393 3090 in
1425 3040 1621 3091 talibus
1658 3041 1880 3104 casibus,
1916 3040 1985 3091 ad
2021 3039 2290 3107 scrupulos

400 3119 657 3169 tollendos
679 3121 851 3187 ipsam
874 3122 1112 3189 regulam
1144 3125 1436 3188 reformare,
1471 3125 1775 3193 Apostolica
1807 3126 2026 3177 obtenta
2061 3125 2289 3175 auctori-

399 3204 528 3262 tate,
564 3216 725 3266 quam
760 3201 1202 3268 dispensationem
1225 3211 1552 3273 perpetuam,
1576 3212 1734 3275 prout
1757 3225 1898 3259 nunc
1921 3207 2036 3259 fieri
2059 3207 2288 3269 videtur,

399 3301 522 3334 cum
547 3285 733 3352 laqueo
758 3288 1104 3340 conscientiae
1127 3292 1419 3343 concedere.

539 3371 592 3419 4.
639 3369 723 3420 Ad
746 3371 1088 3425 confessiones
1111 3376 1426 3427 monialium
1459 3378 1790 3445 excipiendas
1826 3378 2150 3445 deputentur
2186 3377 2286 3428 viri

384 3453 734 3504 ecelesiastici
757 3457 1034 3523 gravitate,
1057 3460 1339 3526 prudentia
1363 3467 1419 3513 et
1441 3463 1643 3515 virtute
1666 3464 1971 3532 conspicui,
2007 3466 2064 3513 et
2087 3461 2287 3512 confes-

398 3539 559 3589 sarius
584 3540 1021 3594 extraordinarius
1044 3545 1332 3613 unicuique
1366 3549 1683 3600 monasterio
1718 3550 2032 3618 assignetur,
2068 3548 2286 3598 statutis

396 3619 738 3686 temporibus

541 3770 595 3823 (1)
639 3772 770 3821 Tria„
802 3785 898 3815 sess.
931 3789 1053 3828 xxv„
1087 3789 1177 3831 cap.
1212 3780 1251 3819 3.
1283 3780 1346 3819 De
1371 3781 1495 3832 requl.

541 3836 596 3889 (2)
634 3838 740 3879 Ibid.
