2534 4374
472 487 592 546 190
1027 503 1192 548 coNc.
1240 503 1407 546 PRoV.
1452 503 1677 546 wms'rM.
1726 504 1815 546 111.

462 652 639 719 capite
685 653 887 703 nudato
936 655 1155 718 uterque
1204 651 1423 720 ingressi
1473 654 1532 714 et
1577 650 1637 700 in
1684 667 1859 719 genua
1906 652 2175 719 provoluti
2223 660 2368 716 sunt,

463 734 707 802 dignum
747 753 808 788 ea
847 734 1196 788 veneratione
1232 733 1632 804 pam'smentum
1675 732 1929 799 diceutes,
1969 735 2120 804 quod
2160 735 2372 802 nobilis

462 820 597 872 adeo
633 819 841 874 Christo:
879 818 1153 888 Martyris
1194 818 1305 888 (ita
1341 817 1463 870 illis
1506 817 1663 888 loqui
1702 836 1766 871 ex
1801 818 2037 888 privata
2081 819 2364 874 devotione

463 905 685 976 libebat)
732 923 828 976 pes
876 903 1208 959 calcavisset.
1297 905 1544 972 AmPlius
1594 905 1761 956 etiam
1810 906 1952 957 idem
2001 908 2370 975 pavimentum

462 996 740 1043 veneratus
780 996 861 1043 est
903 1009 968 1043 ex
1015 993 1188 1059 prima
1231 990 1458 1059 Angliae
1500 990 1785 1042 nobilitate
1835 991 2096 1043 Henricus
2141 992 2374 1045 Ortonus

463 1095 587 1127 cum
630 1077 793 1128 Ducis
836 1077 1213 1146 Lotharingiae
1256 1074 1473 1127 Oratore
1525 1076 1669 1126 idem
1726 1075 2012 1142 aliquando
2053 1076 2374 1129 Cubiculum

464 1163 723 1225 invisens3
786 1163 879 1214 ubi
928 1166 1044 1214 toto
1093 1178 1304 1229 corpore
1353 1161 1412 1211 in
1457 1160 1596 1211 illud
1644 1162 1971 1229 provolutuS,
2013 1163 2374 1216 devotissimis

465 1248 673 1315 saepius
717 1248 911 1299 osculis
954 1247 1125 1299 solum
1167 1247 1392 1299 libavit:
1454 1247 1674 1299 beatum
1717 1249 2024 1315 praedicans
2067 1250 2210 1317 quod
2258 1253 2373 1300 tam

463 1332 771 1383 venerandis
795 1332 995 1399 plantis
1021 1333 1214 1383 tritum
1240 1330 1474 1382 fuissetss'

608 1420 695 1468 20.
746 1418 808 1469 Ρ.
848 1418 1158 1469 Franciscus
1199 1416 1389 1468 Suarez
1427 1418 1485 1467 in
1527 1416 1690 1469 Libro
1733 1419 1820 1469 cui
1856 1418 2377 1471 titulus—Defensio

464 1502 622 1553 Fidei
673 1501 976 1554 Catholicae
1024 1508 1080 1554 et
1127 1501 1462 1569 Apostolicae
1522 1502 1768 1554 adversus
1816 1504 2140 1573 Anglicanae
2191 1503 2374 1556 Sectae

465 1589 872 1639 errores—edito
917 1586 1298 1650 Conimbricae‚
1337 1604 1475 1638 anno
1505 1589 1662 1652 1613,
1687 1589 1807 1640 Lib.
1846 1590 1895 1653 6,
1928 1606 2043 1657 cap.
2072 1579 2166 1640 11.
2240 1589 2376 1640 “An

466 1673 560 1740 qui
602 1677 815 1740 propter
858 1672 1155 1723 Romanam
1197 1671 1507 1740 religionem
1557 1677 1614 1723 et
1662 1674 2022 1725 obedientiam
2071 1675 2130 1725 in
2178 1674 2375 1742 Anglia

466 1762 637 1809 morte
672 1758 923 1808 mulctati
961 1761 1086 1808 sunt
1115 1754 1265 1808 mter
1287 1772 1439 1808 veros
1464 1755 1740 1825 Martyres
1765 1756 1883 1810 sisnt
1906 1757 2338 1811 a‘rmumerandi
2351 1757 2379 1811 2?

466 1843 708 1895 Dicimus
752 1861 874 1913 ergo
912 1860 1020 1894 non
1063 1842 1235 1894 solum
1276 1842 1374 1893 sub
1423 1842 1654 1894 Henrico
1702 1843 1880 1906 VIII„
1925 1845 2013 1895 sed
2061 1845 2229 1894 etiam
2279 1843 2380 1895 sub

467 1928 779 1980 Elizabetha
816 1932 872 1979 et
908 1927 944 1979 J
945 1927 1106 1978 acobo
1142 1926 1319 1994 plures
1351 1927 1411 1977 in
1443 1927 1739 1995 Anglicana
1763 1929 2125 1995 persecutione
2149 1932 2377 1980 mortem

468 2031 561 2082 pro
589 2013 796 2065 Christo
822 2013 1124 2080 suscepisse,
1149 2013 1245 2080 qui
1277 2010 1427 2064 {mter
1449 2029 1601 2064 veros
1628 2010 1834 2064 Christi
1865 2012 1934 2063 M
1929 2018 2141 2082 πέψεις
2165 2030 2379 2082 mayua

467 2097 646 2166 yloria
672 2103 718 2150 et
743 2097 1026 2151 constanti
1048 2095 1275 2150 vermztate
1300 2103 1722 2167 computaattur.
1797 2099 1885 2149 Ita
1923 2100 2163 2150 sentiunt
2201 2100 2267 2151 de
2296 2100 2380 2150 his

469 2185 680 2236 Sanctis
703 2186 845 2236 Viris
871 2202 1052 2236 omnes
1078 2183 1342 2236 Catholici
1369 2183 1659 2252 Scriptores
1684 2185 1779 2251 qui
1805 2185 1871 2235 de
1895 2184 2206 2254 Anglicanis
2223 2185 2377 2236 rebus

469 2271 553 2321 his
601 2270 926 2337 temporibus
981 2270 1313 2337 scripserunt.
1413 2268 1556 2318 Nam
1616 2267 1894 2320 Polidorus
1955 2269 2232 2338 Virgilius,
2283 2268 2377 2321 &a

472 2356 625 2407 Idem
661 2357 728 2406 de
764 2356 874 2407 illis
912 2359 967 2407 et
1003 2355 1069 2406 de
1105 2355 1226 2406 aliis
1264 2355 1362 2406 sub
1398 2354 1709 2406 Elizabetha
1744 2355 2038 2406 interfectis
2071 2355 2299 2406 affirmat
2323 2360 2380 2405 et

471 2442 629 2492 variis
666 2441 921 2508 exemplis
957 2457 1018 2491 ac
1042 2440 1338 2491 rationibus
1363 2439 1598 2490 ostendit
1630 2438 1891 2490 Sanderus
1915 2440 1975 2490 in
1999 2440 2093 2491 lib.
2123 2442 2150 2490 1
2181 2438 2230 2491 85
2257 2441 2288 2489 3
2314 2440 2383 2491 de

474 2526 697 2577 Schism.
724 2525 955 2594 Anglic.,
974 2523 1069 2576 διο.
1144 2525 1227 2574 Ex
1251 2541 1374 2574 ann.
1396 2526 1527 2575 1851
1553 2529 1608 2575 et
1629 2525 1968 2592 sequentibus
1991 2523 2060 2575 P.
2079 2523 2382 2577 Edmundi

475 2608 784 2679 Gampicmi
821 2627 847 2660 c
886 2607 1148 2662 Societate
1185 2608 1234 2662 J
1230 2625 1325 2660 esu
1365 2612 1414 2659 et
1449 2607 1699 2661 aliorum
1741 2609 2056 2661 ‘multorum
2097 2608 2380 2678 Martyria

466 2692 928 2765 praeclarissima
963 2693 1145 2763 refert.
1220 2694 1397 2762 Atque
1434 2696 1620 2745 eodem
1657 2696 1814 2746 modo
1839 2695 1905 2746 de
1935 2696 2018 2746 his
2054 2695 2382 2763 Martyribus

475 2785 747 2832 senserunt
791 2779 1154 2831 Genebrardus
1197 2779 1255 2828 in
1301 2777 1490 2829 Chron.
1530 2795 1668 2829 anno
1709 2780 1848 2830 1534
1884 2780 2110 2830 referens
2148 2780 2381 2830 Paulum

475 2867 509 2918 J
512 2868 747 2927 ovinum,
774 2864 1064 2933 Georgium
1100 2864 1303 2914 Lilium
1339 2865 1397 2914 in
1423 2863 1612 2915 Chron.
1640 2869 1695 2916 et
1729 2864 1965 2916 Sleidam
1989 2865 2083 2916 lib.
2113 2868 2162 2917 9.
2237 2866 2379 2916 Item

477 2948 659 3000 Surius
701 2948 759 2996 in
804 2963 897 2996 sua
937 2946 1191 2996 Historia.
1269 2944 1460 2995 Bozius
1500 2945 1564 2995 de
1603 2945 1782 3014 Signis
1820 2946 1964 2997 Eccl.
2002 2952 2122 3014 part
2158 2949 2205 3011 1,
2228 2947 2266 2998 l.
2298 2949 2383 3009 11,

476 3048 521 3081 e.
567 3032 614 3092 l,
654 3026 747 3079 &a
831 3027 1062 3077 Didacus
1105 3027 1277 3094 Yepes
1321 3026 1615 3094 Episcopus
1660 3028 2028 3079 Tarazonensis
2070 3030 2126 3079 in
2170 3029 2378 3096 Anglic.

478 3115 732 3177 Historia,
770 3114 1003 3164 Andreas
1065 3113 1354 3180 Filopater,
1404 3110 1499 3163 &Q
1574 3113 1972 3163 Illustrissimus
2013 3113 2270 3166 Baronius
2320 3115 2378 3164 in

476 3199 817 3268 Martyrolog.
844 3198 932 3248 die
956 3194 1025 3248 29
1051 3197 1320 3259 Decemb.,
1339 3194 1434 3246 &a
1509 3196 1699 3246 Petrus
1720 3195 2004 3263 Opmeerus
2023 3199 2081 3248 in
2098 3200 2384 3250 novissimo

477 3287 642 3353 Opere
668 3283 1055 3352 Chronograph.
1082 3299 1202 3334 ann.
1231 3283 1387 3344 1585,
1407 3286 1461 3332 et
1486 3281 1802 3332 Laurentius
1827 3281 2144 3349 Rayerlinck
2168 3284 2226 3334 in
2250 3288 2380 3334 tom.

478 3374 528 3434 2,
553 3370 791 3438 ejusdem
827 3368 1204 3435 chronograph.
1243 3383 1365 3416 ann.
1409 3365 1564 3427 1606,
1591 3363 1685 3415 Suc.
1759 3363 1921 3416 Nihil
1959 3370 2034 3418 est
2071 3384 2194 3435 erqo
2232 3367 2383 3436 quod

480 3452 746 3506 Catholici
781 3451 847 3504 de
888 3451 1131 3504 istorum
1182 3448 1522 3503 Sanctomm
1558 3447 1626 3498 M
1623 3446 1838 3515 artyrio
1876 3448 2146 3503 dubitent.
2239 3453 2381 3503 Nam

471 3542 628 3609 juxta
652 3539 890 3608 regulam
908 3536 1219 3606 Augustini,
1245 3553 1367 3586 cum
1393 3536 1501 3586 sint
1525 3534 1675 3597 certi,
1694 3551 1780 3584 eos
1804 3534 1863 3584 in
1881 3537 2093 3587 unitate
2117 3537 2382 3588 Ecclesiae

477 3643 570 3694 pro
614 3626 797 3676 eadem
837 3625 1047 3674 unitate
1085 3626 1141 3672 et
1176 3620 1479 3672 obedientia
1515 3623 1750 3670 mortuos
1805 3636 1930 3683 esse,
1973 3619 2229 3673 dubitare
2264 3638 2382 3673 ‘nou

476 3713 732 3778 possunt,
752 3707 897 3776 quin
920 3705 1038 3759 siut
1058 3711 1352 3774 tamquam
1368 3704 1642 3772 Martyres
1662 3703 1931 3768 coronati,
1951 3710 2006 3756 et
2023 3707 2381 3757 interfectores

478 3812 658 3845 eorum
682 3798 938 3860 tanquam
962 3792 1323 3843 Persecutores
1348 3790 1646 3859 Martyrum
1672 3807 1781 3841 esse
1804 3791 2137 3858 judicandos.
2210 3790 2382 3842 Nemo
