2534 4374
527 427 607 488 76
1100 442 1259 486 coNC.
1302 441 1465 484 PRov.
1511 440 1729 484 wms‘rM.
1775 442 1815 483 1.

517 586 669 637 sociis
695 586 991 655 Augustino
1015 583 1288 646 monacho,
1307 587 1466 650 atque
1485 600 1546 634 eo
1564 583 1902 651 postmodum
1926 583 2148 652 aliisque
2172 584 2418 652 pluribus-

515 672 582 722 ad
608 670 956 738 episcopalem
981 669 1304 737 dignitatem
1341 668 1554 730 evectis,
1579 668 1866 735 additaque
1890 669 1957 719 iis
1986 686 2178 739 magna
2202 669 2422 737 presby·-

520 742 746 807 terorum
782 754 1154 805 monachorum
1178 753 1347 820 copia,
1371 752 1798 821 Anglo-Saxones
1831 753 2125 817 adduxisse,
2149 758 2213 805 ut
2237 752 2422 805 Chris*

521 843 718 891 tianam
750 840 1057 909 religionem
1090 838 1547 906 amplecterentur,
1573 842 1629 888 et
1654 839 1853 889 virtute
1879 855 1972 889 sua
1996 838 2244 902 effecisse,
2266 843 2330 890 ut
2351 840 2412 890 in

517 925 810 987 Britannia,
834 941 969 991 quae
994 922 1188 990 Anglia
1225 921 1391 972 etiam
1416 921 1670 989 appellari
1704 923 1897 993 coepit,
1923 923 2182 976 catholica
2213 924 2411 976 iterum

514 1011 759 1060 restituta
783 1009 1019 1075 undique
1043 1007 1206 1059 fuerit
1230 1011 1286 1057 et
1303 1006 1631 1074 amplificata
1649 1007 1852 1076 religio.
1911 1007 2014 1060 Sed
2031 1013 2096 1060 ut
2133 1026 2266 1077 quae
2285 1013 2411 1060 sunt

513 1096 798 1145 recentiora
839 1109 1323 1155 commemoremuS,
1346 1091 1485 1142 nihil
1526 1093 1585 1143 in
1624 1097 1741 1144 tota
1778 1093 2061 1162 Anglicani
2095 1091 2430 1158 schismatis‚'

514 1181 654 1247 quod
697 1179 901 1231 saeculo
939 1179 1143 1230 decimo
1177 1182 1323 1229 sexto
1355 1177 1649 1229 excitatum
1691 1182 1789 1242 est,
1832 1178 2050 1230 historia
2081 1180 2423 1232 manifestius-

431 1275 434 1277 ·
513 1265 843 1327 arbitramur,
908 1280 1070 1332 quam
1136 1262 1494 1314 Romanorum
1572 1262 1898 1315 Pontificum
1955 1264 2411 1316 Praedecessorum

514 1350 822 1400 Nostrorum
884 1350 1180 1417 impensam
1241 1365 1438 1411 curam,
1488 1351 1545 1400 et
1590 1364 1865 1416 nunquam
1927 1350 2298 1414 intermissam,
2345 1353 2411 1400 ut

512 1435 755 1503 religioni
794 1433 1084 1485 catholicae
1124 1435 1183 1484 in
1208 1449 1269 1484 eo
1310 1449 1471 1502 regno
1496 1433 1555 1484 in
1578 1436 1874 1486 maximum
1915 1435 2228 1503 periculum,
2252 1438 2307 1486 et
2340 1436 2410 1486 ad
2446 1468 2453 1475 -

514 1524 806 1570 extremum
831 1519 1111 1570 discrimen
1129 1518 1391 1569 adductae
1415 1524 1764 1583 succurerent,
1784 1524 1840 1570 et
1863 1536 2175 1587 quacunque
2198 1524 2411 1588 possent

512 1606 716 1656 ratione
754 1605 1015 1656 auxilium
1047 1604 1309 1656 afferrent.
1383 1603 1497 1665 Quo
1535 1605 1675 1656 inter
1712 1605 1818 1656 alia
1843 1609 2101 1673 spectant,
2126 1622 2188 1656 ea
2219 1621 2354 1672 quae
2376 1621 2420 1656 a.

514 1690 746 1742 Summis
771 1690 1139 1752 Pontificibus,
1164 1689 1250 1740 vel
1285 1689 1415 1757 ipsis
1430 1696 1433 1698 ’
1450 1691 1846 1754 mandantibUS,
1871 1690 2034 1759 atque
2069 1691 2409 1759 probantibus

512 1778 718 1844 provisa
753 1782 1008 1845 gestaque
1045 1779 1188 1838 sunt,
1212 1779 1277 1826 ut
1309 1776 1368 1826 in
1390 1775 1587 1844 Anglia
1618 1776 2027 1844 haudquaquam
2051 1777 2291 1830 deessent
2313 1775 2409 1842 qui

512 1863 887 1913 catholicarum
923 1863 1034 1913 illic
1070 1879 1244 1913 rerum
1278 1877 1459 1912 curam
1483 1862 1822 1929 susciperent,
1847 1863 2082 1929 itemque
2116 1865 2177 1912 ut
2209 1861 2418 1913 adoles--

511 1952 686 1998 centes
734 1948 981 1998 catholici
1029 1947 1211 2020 bonae·
1257 1946 1470 2009 indolis,
1533 1963 1597 1997 ex
1660 1947 1856 2016 Anglia
1919 1948 1977 1998 in
2040 1948 2406 1999 continentem

511 2033 797 2095 venienteS,
813 2034 1173 2095 educarentur,
1187 2035 1350 2100 atque
1364 2033 1431 2083 ad
1447 2032 1693 2083 scientias
1711 2033 2015 2099 praesertim
2032 2032 2417 2084 ecclesiasticas

511 2118 794 2187 diligenter
829 2119 1266 2179 informarentur3
1305 2119 1399 2185 qui
1436 2117 1591 2169 sacris
1617 2117 1837 2168 subinde
1869 2118 2137 2168 ordinibus
2160 2117 2407 2187 insigniti

511 2207 568 2254 et
590 2204 649 2253 in
672 2203 902 2271 patriam
925 2204 1114 2255 reversi
1154 2202 1391 2254 sedulam
1414 2207 1667 2254 navarent
1702 2220 1914 2271 operam
1937 2202 2274 2271 popularibus
2299 2203 2407 2253 suis

510 2288 655 2339 verbi
679 2292 734 2339 et
759 2292 1203 2340 sacramentorum
1222 2288 1518 2339 ministerio
1534 2287 1804 2355 juvandiS,
1819 2292 1875 2339 et
1894 2305 2041 2339 verae
2058 2288 2183 2339 fidei
2206 2288 2407 2339 ibidem

510 2373 739 2424 tuendae
763 2390 824 2424 ac
848 2374 1230 2442 propagandae.
1303 2370 1515 2424 Verum'
1533 2389 1595 2424 ea
1627 2378 1754 2423 sunt
1779 2373 1991 2425 fortasse
2016 2374 2250 2436 clariora,
2272 2389 2406 2440 quae

510 2458 964 2509 Praedecessorum
982 2459 1293 2510 Nostrorum
1310 2459 1548 2509 studium
1567 2459 1874 2526 respiciunt,
1884 2463 1946 2509 ut
1960 2459 2122 2527 Angli
2140 2458 2415 2522 catholici,

510 2560 637 2612 quos
679 2549 792 2594 tam
825 2548 990 2605 atrOX‚
1022 2547 1077 2594 et
1110 2559 1262 2594 saeva
1292 2548 1579 2611 tempestas
1610 2544 1989 2611 Episcoporum
2013 2544 2324 2610 praesentia,
2349 2548 2405 2594 et

510 2629 757 2696 pastorali
796 2646 918 2679 cura
959 2629 1274 2696 privaverat,
1306 2628 1578 2679 Praesules
1607 2629 1803 2680 iterum
1842 2628 2090 2679 haberent
2122 2628 2405 2696 episcopali

511 2714 804 2764 charactere
828 2713 1126 2782 insignitos
1184 2713 1220 2765 J
1222 2730 1310 2764 am
1334 2731 1454 2765 vero
1474 2713 1714 2782 Gregorii
1732 2712 1834 2762 XV
1851 2713 2056 2764 litterae
2073 2704 2427 2780 Apostolidae··

512 2799 825 2865 incipientes
867 2803 902 2829 ‘⁶
918 2798 1153 2850 Ecclesia
1194 2797 1480 2862 Roma-na,’'
1534 2798 1688 2849 datae
1731 2798 1819 2848 die
1859 2809 2009 2848 XXHI
2049 2798 2236 2848 Martii
2278 2799 2406 2849 anni

511 2894 779 2934 MDOXXHI
811 2883 1112 2945 ostendunt,
1147 2881 1428 2955 Summum
1458 2882 1796 2946 Pontificem,
1813 2883 1907 2934 ubi
1942 2883 2175 2950 primum
2206 2883 2413 2950 potuit,

512 2966 844 3018 Gulielmum
868 2967 1184 3035 Bishopium
1202 2971 1562 3019 consecratum
1584 2967 1906 3035 Episcopum
1932 2965 2404 3019 Chalcedonensem

512 3070 636 3103 cum
661 3053 788 3103 satis
812 3053 988 3120 ampla
1013 3053 1331 3104 facultatum
1355 3053 1524 3120 copia,
1548 3057 1604 3103 et
1628 3070 1751 3103 cum
1778 3051 2170 3103 Ordinariorum
2194 3052 2404 3120 propria

511 3141 774 3204 potestate
792 3138 859 3188 ad
874 3138 1179 3207 Angliae,et
1195 3137 1404 3189 Scotiae
1418 3137 1702 3188 catholicos
1719 3137 2079 3206 gubernandos
2094 3137 2379 3190 destinasse
2385 3154 2411 3200 ς

511 3222 651 3289 quod
667 3226 848 3289 postea
868 3222 1108 3274 Urbanus
1117 3222 1536 3290 VIII,Bishopio
1555 3227 1781 3285 mortUO,
1800 3222 1973 3272 missis
1991 3222 2059 3272 ad
2076 3221 2399 3273 Richardum

514 3306 692 3357 Smith
734 3307 922 3357 similis
963 3307 1191 3375 exempli
1232 3307 1426 3358 litteris
1449 3306 1765 3374 Apostolicis
1807 3306 1895 3357 die
1926 3317 1988 3356 IV
2010 3305 2281 3362 Februarii
2314 3323 2402 3359 an.

512 3403 749 3442 MDOXXV
790 3392 1079 3455 renovavit,
1120 3392 1428 3460 episcopatu
1468 3389 1894 3453 Chalcedonensi,
1931 3395 1988 3441 et
2027 3391 2233 3454 iisdem,
2258 3386 2410 3459 'quae

514 3475 763 3542 Bishopio
788 3492 1049 3526 consessae
1074 3476 1300 3539 fuerant,
1324 3476 1669 3527 facultatibus
1706 3474 1936 3526 Smithio
1970 3475 2200 3527 tributis,
2273 3476 2400 3528 Visa

515 3564 638 3611 sunt
661 3560 719 3609 in
742 3563 1024 3626 posterum,
1050 3577 1216 3627 quum
1239 3560 1275 3612 J
1276 3562 1466 3612 acobus
1490 3561 1549 3611 II
1583 3562 1642 3611 in
1665 3561 1859 3630 Anglia
1890 3577 2104 3630 regnare
2128 3560 2408 3627 coepisset,

514 3644 802 3696 catholicae
827 3645 1068 3714 religioni
1094 3646 1325 3696 feliciora
1358 3650 1595 3714 tempora
1629 3646 1916 3696 obventura
1941 3661 2065 3696 esse.
2137 3645 2254 3694 Hac
2277 3661 2407 3696 vero·

513 3728 909 3796 opportunitate
933 3729 1273 3781 Innocentius
1297 3730 1380 3781 XI
1405 3731 1589 3782 statim
1613 3746 1736 3780 usus
1754 3729 1791 3781 J
1792 3745 2015 3781 oannem
2039 3729 2398 3797 Leyburnium

2515 1692 2534 1729 1
