2534 4374
439 446 521 512 70
1017 461 1181 504 00110.
1221 461 1388 503 PRov.
1435 458 1667 501 wEs'rM.
1715 460 1756 502 1.
1863 451 1871 462 “

1272 627 1486 678 XVIII.

840 765 939 816 DE
989 763 1241 815 FESTIS
1292 762 1385 814 SS.
1436 762 1939 815 PATRONORUM

727 891 807 931 AD
842 888 1165 930 DoifflucAM
1202 887 1533 936 SEQUENTEM
1568 886 2029 928 TRANSFERENDIS.

428 1012 742 1063 Beatissime
765 1011 941 1073 Pater,

569 1095 1001 1163 Archiepiscopus
1027 1098 1082 1145 et
1108 1093 1360 1162 Episcopi
1387 1092 1686 1146 Concilium
1709 1094 2029 1161 provinciale
2053 1096 2111 1146 in
2134 1094 2329 1165 Anglia
2385 1154 2389 1158 ,

426 1181 694 1243 habentes,
731 1197 855 1230 cum
887 1179 1225 1230 devotionem
1262 1195 1386 1247 erga
1411 1177 1506 1230 SS.
1532 1178 1786 1229 Patronos
1821 1196 1914 1246 per
1937 1180 2187 1249 Angliam
2209 1197 2329 1248 pro-

424 1282 630 1315 movere
673 1268 944 1332 exoptant,
983 1281 1076 1331 pro
1121 1263 1343 1331 singulis
1384 1263 1660 1331 Episcopis
1684 1264 1995 1315 facultatem
2033 1269 2225 1332 petunt
2262 1269 2330 1317 ut

424 1350 699 1418 indulgere
741 1349 963 1416 possint,
1006 1350 1101 1400 ubi
1151 1349 1398 1416 expedire
1441 1349 1819 1415 judicaverint,
1861 1351 2002 1417 quod
2042 1350 2330 1401 celebretur

424 1434 588 1484 Missa
615 1434 668 1485 S.
695 1434 916 1485 Patroni
940 1434 1045 1485 1001
1070 1434 1155 1484 vel
1193 1432 1377 1485 Sancti
1415 1434 1513 1484 sub
1546 1433 1697 1501 cujus
1739 1435 2072 1485 invocatione
2111 1435 2329 1486 ecclesia

423 1520 717 1570 constituta
761 1519 961 1582 existit,
1005 1519 1288 1570 Dominica
1329 1519 1566 1586 proxime
1615 1519 1857 1585 sequenti
1906 1519 2102 1570 festum
2149 1519 2327 1587 ipsum

422 1604 618 1671 absque
659 1603 770 1654 ulla
811 1604 1187 1654 immutatione
1234 1605 1294 1654 in
1340 1603 1554 1670 reliquis
1603 1604 1763 1654 officii
1813 1606 2084 1668 currentiS,
2133 1609 2187 1655 et
2227 1605 2326 1655 hoc

423 1689 632 1739 etiamsi
671 1693 923 1756 patronus
963 1688 1161 1739 electus
1198 1705 1305 1739 non
1338 1689 1502 1739 fuerit
1537 1689 1606 1739 ad
1630 1689 1904 1739 tramitem
1929 1689 2328 1740 constitutionis

426 1772 626 1823 Urbani
663 1773 803 1823 VIII
841 1790 994 1840 super
1030 1773 1291 1841 eligendis
1325 1773 1579 1841 patronis,
1616 1773 1701 1823 vel
1737 1773 1947 1824 etiamsi
1979 1774 2197 1825 ecclesia
2219 1791 2326 1826 non

423 1858 587 1908 fuerit
616 1862 931 1909 consecrata.

565 1942 648 1992 Ex
672 1943 948 1994 audientia
974 1942 1308 1994 Sanctissimi
1332 1943 1518 1994 habita
1541 1942 1629 1994 die
1657 1945 1723 1993 13
1748 1943 1953 2007 Martii,
1984 1946 2138 2007 1853,

566 2026 943 2078 Sanctissimus
998 2026 1262 2078 Dominus
1323 2028 1515 2079 Noster
1563 2028 1694 2079 Pius
1751 2029 1934 2080 divina
1993 2029 2327 2097 providentia

420 2112 529 2162 ΡΡ.
574 2112 675 2175 ΙΧ,
718 2112 974 2163 referente
1005 2129 1093 2163 me
1128 2113 1461 2181 infrascripto
1499 2113 1553 2165 S.
1581 2113 2014 2183 Congregationis
2038 2114 2104 2165 de
2129 2114 2326 2182 Propa-

421 2197 596 2265 ganda
635 2195 771 2247 Fide
805 2198 1096 2260 secretari0‚
1137 2203 1297 2265 atque
1334 2202 1543 2250 attento
1589 2199 1702 2249 EE.
1742 2199 1850 2249 ΡΡ.
1878 2197 1931 2249 S.
1964 2197 2021 2249 G.
2060 2199 2327 2270 suffragio,

421 2283 649 2350 benigne
692 2283 901 2346 annuit,
945 2283 1233 2334 dummodo
1273 2299 1381 2335 non
1423 2289 1615 2352 agatur
1657 2285 1723 2336 de
1764 2284 2047 2335 Dominica
2071 2285 2155 2336 vel
2191 2285 2326 2338 festo

421 2371 723 2418 occurrente
746 2384 810 2417 ex
835 2367 1262 2419 solemnioribus:
1299 2369 1359 2419 id
1383 2385 1505 2420 vero
1528 2369 1788 2437 permisit,
1813 2370 2086 2420 contrariis
2109 2370 2328 2438 quibus-

422 2469 649 2518 cumque
673 2451 817 2503 haud
841 2452 1190 2504 obstantibus·

563 2536 689 2588 Dat.
739 2536 940 2588 Romae
963 2555 1027 2589 ex
1050 2538 1183 2591 Aed.
1218 2537 1349 2590 dict.
1376 2537 1430 2590 S.
1458 2526 1909 2608 CongregationiS‚
1947 2534 2033 2589 die
2064 2541 2129 2589 14
2165 2539 2323 2604 Maii,

430 2623 585 2672 1853.

1438 2708 1524 2760 Al.
1562 2708 1843 2774 BARNABo,
1877 2723 1916 2760 a
1946 2705 2179 2762 secreti&

566 2776 632 2829 L.
655 2775 709 2829 ›1‹
734 2777 791 2832 S.

1258 2961 1418 3013 XIX.

425 3088 505 3139 IN
507 3087 814 3141 DULGEN
816 3088 987 3139 TIAE
1013 3088 1096 3140 IN
1119 3088 1370 3141 FESTIS
1398 3087 1452 3140 S.
1469 3087 1784 3141 GEORGII
1810 3087 1903 3137 ΕΤ
1921 3085 1975 3139 S.
1993 3084 2332 3138 PATRITII.

424 3203 738 3254 Beatissime
763 3204 941 3267 Pater,

565 3295 649 3345 Ad
672 3295 1080 3362 promovendam
1105 3296 1442 3347 devotionem
1468 3312 1591 3364 erga
1617 3294 1671 3346 S.
1705 3293 1997 3345 Patritium
2035 3292 2324 3343 Hiberniae

423 3379 752 3446 Apostolum,
789 3383 842 3429 et
887 3379 940 3431 S.
968 3379 1255 3449 Georgium
1289 3380 1512 3449 Angliae
1551 3380 1861 3442 Patronum,
1885 3376 2320 3444 Archiepiscopus

422 3464 990 3515 westmonasteriensis
1014 3470 1070 3515 et
1102 3465 1354 3532 Episcopi
1396 3465 1638 3533 Angliae,
1665 3463 1963 3515 Concilium
2001 3460 2321 3529 provinciale

424 3547 692 3610 habentes,
716 3552 911 3614 petunt
935 3548 994 3597 in
1018 3553 1337 3615 perpetuum
1362 3548 1755 3616 indulgentiam
1794 3546 2084 3614 plenariam
2120 3546 2323 3596 anima-

425 3632 521 3681 bus
546 3632 911 3681 defunctorum
936 3631 1326 3697 applicabilem‚
1351 3632 1657 3686 lucrandam
1681 3631 1748 3681 ab
1780 3631 1846 3681 iis
1884 3630 2128 3681 omnibus
2161 3630 2253 3696 qui
2289 3646 2321 3679 a

425 3716 610 3780 primis
634 3717 860 3783 vesperis
883 3733 1047 3783 usque
1071 3717 1137 3766 ad
1163 3734 1403 3767 occasum
1429 3716 1550 3766 solis
1573 3716 1825 3766 festorum
1850 3713 1905 3766 S.
1933 3713 2150 3782 Georgii
2173 3717 2227 3764 et
2265 3712 2319 3765 S.
