2534 4374
454 471 694 515 mm.
744 471 830 514 111.
918 472 1111 514 cous-r.
1163 473 1343 515 noem.
1392 473 1551 515 CONc.
1598 474 1719 516 var.
1915 454 2025 514 291

288 620 340 671 5.
390 618 448 671 Si
496 618 617 685 quis
665 618 876 680 dixerit,
924 634 1188 668 assensum
1239 619 1360 669 fidei
1412 618 1726 669 christianae
1776 635 1876 669 non
1937 637 2046 668 essee

150 705 394 767 liberum,
438 704 526 755 sed
569 703 893 771 argumentis
933 701 1194 753 humanae
1231 703 1447 753 rationis
1483 703 1767 754 necessario
1799 703 2044 770 produci;

147 794 241 841 aut
294 788 362 840 ad
417 787 581 839 solam
641 786 802 837 fidem
864 787 1056 849 vivam,
1106 805 1241 854 quae
1291 805 1379 855 per
1428 789 1737 838 charitatem
1788 796 2046 854 operatur,

149 873 376 943 gratiam
400 871 499 923 Dei
524 873 867 923 necessariam
894 889 1031 932 esse;
1068 871 1349 923 anathema
1374 874 1460 923 sit.

291 958 342 1010 6.
378 955 439 1009 Si
477 957 596 1024 quis
634 956 844 1018 dixerit,
886 973 1063 1023 parem
1095 973 1202 1007 esse
1234 958 1589 1007 conditionem
1625 957 1861 1007 fidelium
1887 963 2047 1023 atque

150 1060 346 1106 eorum,
370 1042 460 1110 qui
485 1042 552 1091 ad
584 1040 745 1091 fidem
786 1041 939 1091 unice
980 1058 1153 1091 veram
1193 1041 1425 1091 nondum
1466 1047 1829 1109 pervenerunt,
1867 1042 1945 1091 ita
1984 1048 2045 1090 ut

150 1127 397 1182 catholici
449 1126 654 1193 justam
716 1142 925 1175 causam
987 1124 1173 1176 habere
1234 1126 1454 1192 possint,
1514 1125 1688 1186 fidem,
1738 1142 1893 1193 quam
1948 1124 2047 1174 sub

152 1212 415 1264 Ecclesiae
463 1211 768 1279 magisterio
813 1210 929 1278 jam
994 1216 1348 1278 susceperunt,
1411 1227 1620 1261 assensu
1683 1227 1925 1277 suspenso
1988 1210 2041 1258 in

150 1297 372 1350 dubium
404 1295 644 1358 vocandi,
674 1295 836 1346 donec
873 1296 1373 1346 demonstrationem
1406 1295 1749 1346 scientificam
1783 1294 2046 1346 credibili-

152 1382 280 1433 tatis
299 1385 357 1432 et
379 1379 619 1431 veritatis
641 1378 767 1430 fidei
794 1395 918 1429 suae
942 1379 1290 1440 absolverint3
1327 1380 1606 1431 anathema
1629 1382 1716 1430 sit.

1055 1573 1148 1623 IV.

809 1696 880 1748 De
904 1695 1042 1747 Fide
1066 1701 1114 1746 et
1139 1695 1392 1747 Ratione.

293 1825 344 1876 1.
380 1821 439 1875 Si
463 1823 582 1890 quis
607 1820 818 1883 dixerit,
843 1822 899 1871 in
924 1820 1237 1871 revelatione
1263 1821 1445 1870 divina
1470 1820 1614 1869 nulla
1634 1837 1750 1869 vera
1768 1824 1824 1869 et
1841 1820 2046 1886 proprie

151 1909 296 1959 dicta
318 1907 569 1976 mysteria
597 1908 882 1968 continere,
916 1906 1004 1957 sed
1043 1906 1283 1956 universa
1322 1904 1443 1955 fidei
1485 1905 1733 1972 dogmata
1772 1920 1918 1970 posse
1958 1920 2046 1969 per

149 1993 404 2044 rationem
452 1993 557 2044 rite
605 1991 870 2043 excultam
920 2008 949 2041 e
998 1990 1323 2041 naturalibus
1379 1989 1652 2056 principiis
1709 1988 1937 2054 intelligi
1991 1995 2044 2035 et

150 2078 524 2138 demonstrari3
561 2076 844 2127 anathema
869 2077 955 2126 sit.

293 2165 344 2214 2.
381 2162 440 2214 Si
482 2163 601 2229 quis
644 2162 855 2223 dixerit,
898 2162 1204 2229 disciplinas
1246 2161 1498 2211 humanas
1539 2178 1601 2211 ea
1639 2177 1759 2209 cum
1804 2159 2046 2208 libertate

150 2249 448 2300 tractandas
486 2265 612 2311 esse,
652 2252 714 2298 ut
752 2264 931 2298 earum
973 2247 1300 2307 assertiones,
1341 2245 1441 2295 etsi
1485 2245 1750 2295 doctrinae
1792 2243 2045 2293 revelatae

150 2334 502 2396 adversentur,
535 2337 791 2400 tanquam
827 2349 975 2382 verae
1005 2332 1234 2393 retineri,
1260 2348 1425 2398 neque
1450 2331 1516 2381 ab
1543 2330 1775 2380 Ecclesia
1800 2328 2042 2396 proscribi

151 2419 381 2486 possint3
419 2417 700 2469 anathema
724 2419 811 2468 sit.

293 2504 342 2553 3.
380 2502 438 2554 Si
482 2503 601 2570 quis
643 2502 852 2564 dixerit,
886 2502 998 2552 fieri
1036 2519 1199 2569 posse,
1234 2505 1296 2551 ut·
1335 2502 1673 2569 dogmatibus
1710 2500 1776 2550 ab
1812 2499 2044 2548 Ecclesia

154 2589 450 2655 propositis,
510 2588 795 2655 aliquando
856 2588 1143 2638 secundum
1203 2604 1525 2655 progressum
1577 2587 1823 2636 scientiae
1871 2600 2045 2633 sensus

153 2673 458 2723 tribuendus
483 2675 555 2723 sit
578 2674 713 2723 alius
737 2673 805 2724 ab
830 2691 909 2734 e0,
933 2690 1093 2740 quem
1128 2671 1395 2722 intellexit
1420 2675 1475 2721 et
1499 2670 1755 2736 intelligit
1782 2668 2044 2726 Ecclesia;

153 2756 433 2808 anathema
457 2758 544 2807 sit.

295 2907 487 2975 Itaque
514 2909 740 2975 supremi
766 2908 1040 2976 pastoralis
1066 2908 1242 2958 Nost-ri
1270 2908 1428 2957 officii
1454 2908 1693 2957 debitum
1720 2909 2047 2972 exequentes,

153 3007 332 3042 omnes
357 2991 552 3044 Christi
578 2994 773 3056 fideles,
799 2995 1029 3044 maxime
1054 3010 1172 3044 vero
1206 3011 1308 3054 eos,
1333 2993 1425 3059 qui
1451 2997 1697 3060 praesunt
1722 2991 1801 3041 vel
1826 2989 2044 3039 docendi

153 3092 363 3127 munere
398 3077 711 3146 funguntur,
749 3095 840 3145 per
876 3080 1072 3128 viscera
1108 3077 1143 3128 J
1146 3094 1236 3129 esu
1268 3077 1461 3130 Christi
1486 3077 1823 3135 obtestamur,
1849 3092 2043 3124 necnon

151 3160 385 3227 ejusdem
411 3161 511 3212 Dei
537 3167 592 3213 et
617 3162 901 3213 Salvatoris
926 3163 1090 3213 nostri
1124 3164 1438 3213 auctoritate
1461 3163 1727 3229 jubemus,
1754 3167 1814 3211 ut
1851 3161 1916 3210 ad
1956 3160 2047 3208 hos

155 3260 340 3296 errores
405 3263 438 3296 a
504 3246 698 3298 Sancta
761 3248 993 3298 Ecclesia
1053 3248 1297 3299 arcendos
1356 3253 1409 3297 et
1471 3248 1833 3306 eliminandos,
1888 3251 2046 3311 atque

153 3331 458 3397 purissimae
481 3332 607 3382 fidei
630 3331 804 3382 lucem
831 3332 1161 3399 pandendam
1190 3333 1425 3382 studium
1449 3337 1505 3382 et
1527 3349 1735 3399 operam
1761 3331 2043 3381 conferant.

293 3414 553 3476 Quoniam
578 3433 697 3466 vero
723 3418 848 3466 satis
872 3434 977 3467 non
1003 3422 1099 3478 est,
1119 3418 1431 3467 haereticam
1459 3418 1772 3484 pravitatem
1797 3417 2045 3475 devitare,

153 3501 256 3550 nisi
299 3501 340 3551 ii
382 3519 590 3570 quoque
634 3519 822 3553 errores
862 3503 1146 3572 diligenter
1182 3503 1471 3570 fugiantur,
1510 3502 1600 3567 qui
1638 3502 1704 3551 ad
1743 3501 1887 3550 illam
1929 3500 2045 3567 plus

153 3584 392 3636 minusve
439 3588 730 3646 accedunt;
795 3604 974 3637 omnes
1027 3587 1186 3637 officii
1244 3602 1531 3646 monemus,
1589 3586 1823 3636 servandi
1882 3587 2042 3635 etiam

156 3666 569 3721 Constitutiones
620 3677 672 3721 et
722 3671 960 3734 Decreta,
1002 3672 1193 3739 quibus
1236 3687 1421 3738 pravae
1462 3670 1715 3735 ejusmodi
1760 3671 2045 3731 opiniones,
