2534 4374
783 476 1031 521 consrrr.
1080 463 1114 494 “
1134 460 1509 522 rmMANn1s.'’
1973 461 2104 521 369·

189 643 333 698 quae
382 625 660 697 ejusmodi
709 644 924 692 curam,
974 644 1072 679 scu
1128 626 1686 681 administrationem
1743 633 2103 691 concernunt,

188 712 509 766 omnimode
526 711 944 782 jurisdictioni,
969 710 1306 778 visitationi,
1332 718 1381 766 ct
1422 712 1752 778 correctioni
1794 712 2103 766 dioecesani

191 797 457 868 episcopi,
483 803 778 868 tamquam
802 796 964 852 Sedis
990 797 1339 868 Apostolicae
1364 797 1614 867 dclcqati,
1632 797 1799 869 plene
1821 797 1892 851 im,
1922 796 2103 850 omni-

189 882 291 936 bus
316 882 715 952 subjiciantur.

331 971 383 1021 5.
439 968 559 1020 Hac
609 968 961 1020 controversia
1010 984 1102 1035 per
1151 968 1596 1020 constitutionem
1648 968 2025 1038 Gregorianam
2074 986 2104 1018 e

188 1054 367 1106 medio
392 1053 620 1117 sublata,
644 1069 752 1104 non
776 1053 896 1104 ideo
935 1052 1004 1103 ab
1041 1051 1163 1104 aliis
1205 1054 1603 1121 quaestionibus
1645 1059 1701 1105 et
1740 1053 1927 1105 litibus
1966 1054 2107 1104 circa

186 1140 332 1190 idem
368 1156 541 1190 rerum
577 1155 746 1208 genus
784 1138 1155 1205 promovendis
1194 1145 1457 1190 cessatum
1497 1139 1622 1202 fuit,
1647 1139 1906 1207 pluraque
1943 1139 2105 1190 dubia

186 1225 246 1275 in
289 1223 786 1294 congregationibus
827 1221 882 1274 S.
918 1222 984 1274 R.
1021 1223 1084 1274 E.
1121 1223 1491 1287 cardinalium,
1533 1241 1695 1292 quam
1738 1225 1796 1275 in
1839 1225 2104 1276 auditorio

187 1308 376 1374 Rotae,
402 1310 703 1376 frequenter
739 1307 949 1375 agitata
983 1310 1039 1358 et
1076 1307 1305 1359 resoluta
1344 1308 1577 1372 fuerunt,
1601 1310 1738 1360 circa
1777 1310 2100 1377 peculiamm

188 1395 542 1462 quorumdam
567 1398 790 1445 actuum
824 1395 1091 1457 naturam,
1116 1410 1185 1443 an
1226 1393 1401 1444 silicet
1440 1394 1606 1444 iidem
1647 1395 1891 1445 censendi
1933 1401 2106 1445 essent

187 1480 257 1531 ad
296 1480 596 1531 animarum
636 1495 836 1541 curam,
862 1494 954 1529 seu
993 1478 1062 1529 ad
1104 1483 1552 1530 sacramentorum
1588 1479 2090 1530 administrationen

187 1565 483 1633 pertinere3
521 1568 577 1615 et
600 1566 992 1632 consequenter,
1008 1579 1076 1613 an
1103 1563 1381 1631 episcopus
1400 1565 1457 1614 in
1484 1564 1762 1615 visitandis
1785 1564 2102 1633 regularium

187 1650 437 1715 ecclesiiS,
480 1651 674 1719 quibus
722 1650 976 1702 imminet
1023 1649 1325 1700 animarum
1375 1666 1499 1700 cura
1546 1666 1886 1717 personarum
1930 1666 2105 1699 saecu-

186 1736 398 1799 larium,
413 1741 607 1804 posset,
621 1753 717 1787 nec
735 1752 820 1799 ne,
836 1752 986 1787 suam
1011 1735 1150 1786 circa
1173 1734 1483 1803 hujusmodi
1507 1738 1658 1786 actus
1674 1735 2103 1803 jurisdictionem

184 1838 435 1884 exercere,
460 1826 582 1872 tum
608 1822 792 1884 etiam,
816 1837 886 1872 an
910 1820 1009 1871 hoc
1050 1824 1148 1871 aut
1185 1819 1324 1871 illud
1362 1820 1742 1870 monasterium
1783 1820 1891 1870 dici
1930 1824 2105 1886 posset

184 1906 447 1957 ordinaria
460 1910 516 1957 et
531 1906 841 1974 principalis
858 1906 1004 1957 sedes
1022 1904 1230 1956 abbatis
1249 1905 1526 1973 generalis,
1547 1922 1640 1957 seu
1664 1906 1857 1973 capitis
1883 1905 2103 1966 ordiniS,

185 1992 408 2059 ideoque
451 1991 670 2043 ecclesia
712 1991 1019 2042 huiusmodi
1062 1992 1381 2042 monasterio
1423 1992 1645 2056 adnexa,
1683 1993 1927 2060 quamvis
1952 2008 2104 2058 paro·-

187 2077 375 2128 chialis
401 2078 554 2140 foret,
598 2078 843 2144 episcopo
881 2078 942 2129 in
980 2077 1291 2128 visitatione
1334 2077 1572 2146 subjecta
1611 2095 1718 2129 non
1742 2082 1892 2129 esset.
1968 2075 2103 2129 Cum

185 2163 357 2230 igitur
383 2161 723 2213 resolutiones
747 2162 806 2211 in
830 2160 1116 2228 praedictis
1141 2161 1317 2212 curiae
1352 2166 1561 2214 nostrae
1584 2162 1942 2214 tribunalibus
1967 2162 2106 2213 circa

189 2246 349 2315 hujus
374 2247 579 2321 generis
598 2247 931 2313 quaestiones
949 2246 1249 2298 identidem
1264 2251 1465 2314 captaS,
1488 2262 1772 2316 earumque
1795 2247 2025 2299 rationes
2049 2252 2105 2298 et

187 2333 558 2395 fundamenta,
583 2331 871 2400 diligenter
892 2334 948 2381 et
983 2331 1310 2384 considerate
1352 2334 1799 2401 perpenderimus,
1824 2334 2105 2384 consilium

185 2434 394 2485 quoque
419 2421 475 2468 et
497 2417 820 2468 sententiam
844 2416 1171 2467 audierimus
1195 2416 1403 2484 aliquot·
1428 2434 1493 2469 ex
1518 2419 1909 2470 venerabilibus
1930 2419 2104 2469 fratri—

184 2503 283 2554 bus
318 2503 510 2553 nostris
536 2501 590 2553 S.
617 2502 682 2553 R.
709 2501 773 2553 E.
800 2502 1176 2565 cardinalibus,
1214 2502 1547 2571 aliorumque
1588 2505 1817 2555 virorum
1867 2505 1924 2554 in
1966 2504 2105 2571 juris

184 2589 427 2639 canonici
447 2587 670 2638 scientia
688 2588 1103 2654 praestantium3
1128 2587 1386 2640 nonnulla
1405 2605 1561 2656 super
1580 2589 1662 2640 his
1686 2590 1754 2640 de
1778 2588 2101 2657 apostolicae

187 2674 469 2743 potestatis
519 2674 856 2741 plenitudine
912 2673 1185 2724 decernere
1246 2673 1670 2738 deliberavimuS,
1717 2691 1778 2725 ac
1839 2674 2101 2742 praesenti

187 2764 365 2812 nostra
389 2759 776 2811 constitutione
800 2759 1166 2810 inviolabilem
1207 2760 1478 2827 quandam
1522 2777 1763 2811 normam
1805 2761 2100 2829 praefinire,

188 2863 294 2914 qua
333 2845 526 2914 posita,
565 2861 745 2896 omnes
789 2844 854 2895 de
898 2848 1103 2895 caetero
1146 2844 1288 2908 lites,
1314 2849 1370 2895 et
1404 2846 1787 2895 controversiae
1823 2845 2107 2912 praedictis

188 2932 255 2982 de
288 2931 458 2993 rebUS,
496 2931 542 2981 si
578 2929 693 2980 fieri
727 2931 911 2997 possit,
936 2930 1153 2997 penitus
1185 2930 1545 2993 eliminentur,
1582 2935 1745 2997 atque
1779 2931 1959 2980 omnia
1985 2929 2106 2980 sub-

188 3020 501 3067 moveantur
525 3015 812 3078 obstacula,
838 3032 973 3083 quae
998 3015 1234 3066 debitam
1280 3016 1610 3067 decretorum
1637 3015 1782 3067 Sacri
1808 3016 2104 3066 Tridentini

191 3102 417 3156 Consilii
442 3103 811 3154 executionem
849 3103 909 3152 in
951 3118 1007 3152 re
1045 3106 1161 3153 tam
1200 3102 1376 3171 gravis
1419 3102 1683 3153 momenti
1708 3102 1985 3169 impedire,
2010 3107 2106 3151 aut

188 3188 449 3239 retardare
473 3188 729 3239 hactenus
755 3191 1154 3239 consueverunt.

336 3274 386 3325 6.
437 3272 658 3341 Optimo
674 3290 797 3324 sane
812 3273 1032 3324 consilio
1047 3273 1115 3324 ab
1131 3273 1390 3340 episcopis
1406 3273 1723 3341 pastoralem
1739 3272 2102 3323 visitationem

189 3357 620 3428 aggredientibus
658 3359 933 3425 praemitti
974 3358 1146 3409 solent
1185 3359 1244 3408 in
1284 3358 1494 3427 singula
1537 3358 1758 3409 diocesis
1796 3357 1909 3408 loca
1934 3358 2103 3424 aliqui

191 3443 483 3494 sacerdotes
522 3443 857 3505 missionarii,
895 3443 991 3510 qui
1029 3447 1156 3494 ante
1197 3443 1434 3510 ipsorum
1477 3444 1783 3504 adventum,
1835 3443 2105 3509 praedica-

191 3528 427 3579 tionibus
474 3527 618 3579 verbi
665 3527 784 3591 Dei,
809 3536 864 3579 et
912 3528 1376 3580 administratione
1417 3528 1873 3580 Sacramentorum
1923 3528 2103 3594 poeni-

191 3615 398 3665 tent-iae
447 3622 503 3664 et
540 3614 908 3677 eucharistiae,
949 3614 1278 3682 spiritualem
1319 3614 1636 3681 populorum
1685 3613 2000 3680 profectum,
2049 3618 2104 3663 et

189 3699 489 3750 animarum
538 3698 782 3761 salutem,
826 3699 921 3765 qui
965 3699 1273 3766 potissimus
1321 3702 1402 3749 est
1452 3698 1729 3765 pastoralis
1780 3698 2106 3749 visitationis
