2534 4374
381 414 512 476 330
952 438 1112 481 conc.
1156 439 1328 482 Pnov.
1375 439 1600 483 wner.
1646 442 1724 484 1v.

378 582 552 634 which
576 584 639 649 is,
663 585 723 636 in
746 584 893 637 these
918 586 1046 654 days
1069 587 1369 656 especially,
1393 588 1454 640 of
1472 588 1564 639 the
1586 592 1819 658 greatest
1851 589 2180 658 importance
2212 591 2290 643 for

379 667 471 718 the
509 669 767 739 integrity
806 671 867 721 of
899 669 1142 723 Catholic
1179 673 1321 723 faith
1358 674 1465 724 and
1496 673 1762 742 morality.
1837 675 1893 725 It
1917 675 2042 744 only
2062 676 2289 728 remains

375 752 460 804 for
481 771 567 804 me
591 758 649 805 to
672 771 802 823 pray
825 754 947 806 that
970 773 1065 807 our
1088 756 1230 808 Lord
1247 774 1373 826 may
1395 758 1532 810 have
1552 776 1659 827 you
1681 760 1742 810 in
1765 759 1868 811 His
1890 760 2016 829 holy
2040 759 2286 830 keeping.

700 867 851 920 Your
873 867 1174 938 Lordship’s
1198 869 1539 922 affectionate
1564 870 1804 936 Servant,

895 997 1350 1053 ALEXANDER
1411 999 1618 1054 CARD.
1677 1002 2038 1068 BARNABO,

1954 1115 2143 1172 Presoa.

1173 1230 1210 1284 J
1210 1243 1331 1284 olm
1367 1231 1626 1298 Summa,
1661 1233 1962 1305 Secretaw.

375 1384 741 1456 Propaganda,
764 1385 916 1455 April
941 1388 1029 1451 25,
1059 1387 1215 1439 1868.

1236 1935 1422 1998 XVI.

644 2137 743 2190 DE
793 2137 899 2190 UN
900 2137 979 2188 IV
981 2137 1462 2191 ERSITATIBUS
1509 2135 2008 2191 ACATHOLICIS.

1013 2275 1111 2325 (Aa
1132 2275 1344 2315 moretum
1369 2275 1542 2326 XVII„
1573 2276 1640 2326 8.)

366 2436 566 2488 ILLME.
603 2448 672 2486 ET
707 2435 852 2486 Rrffl.
890 2435 1136 2499 Douma,

514 2567 708 2619 Literis
732 2568 820 2619 die
846 2570 879 2618 3
904 2566 1177 2617 Februarii
1201 2567 1329 2617 anni
1358 2566 1494 2618 1865
1519 2565 1590 2618 ad
1613 2565 1728 2617 ΒΕ.
1748 2566 1857 2618 ΡΡ.
1876 2566 1995 2618 DD.
2014 2584 2275 2619 sacrorum

365 2653 654 2704 Antistites
678 2652 905 2721 Angliae
935 2653 1076 2703 datis
1104 2651 1324 2703 Sacrum
1357 2649 1651 2702 Consilium
1690 2649 1810 2703 Chr.
1847 2651 2007 2703 Nom.
2047 2652 2274 2722 Propag.

366 2738 692 2808 significavit
740 2755 792 2789 se
839 2737 1189 2788 libentissime
1235 2736 1566 2788 confirmasse
1608 2736 1930 2788 sententiam
1971 2754 2004 2788 a
2044 2737 2275 2791 laudatis

370 2824 646 2891 Episcopis
669 2823 729 2873 in
751 2823 952 2874 recenti
975 2822 1300 2873 Londinensi
1324 2825 1589 2873 conventu
1610 2822 1937 2872 unanimiter
1952 2824 2271 2890 propositam

366 2911 434 2961 de
483 2907 733 2977 Collegiis
779 2925 938 2975 penes
992 2907 1377 2959 Universitates
1431 2907 1752 2975 Anglicanas
1807 2906 2158 2960 Oxoniensem
2211 2926 2274 2961 ac

366 2993 857 3063 Cantabrigiensem
912 3009 1021 3044 non
1077 2992 1357 3062 erigendiS,
1412 2992 1582 3061 deque
1635 2994 1944 3061 parentibus
1999 2985 2277 3047 catholicis

365 3082 664 3147 opportune
719 3077 1094 3146 persuadendis
1150 3094 1246 3128 ner
1276 3094 1394 3128 suos
1450 3077 1588 3130 filios
1635 3079 1705 3130 ad
1753 3095 1839 3130 eas
1889 3078 2272 3131 Universitates

368 3165 665 3226 mitterent,
689 3163 830 3231 quod
853 3162 1104 3214 videlicet
1131 3163 1274 3213 idem
1306 3162 1525 3214 Sacrum
1559 3162 1852 3215 Consilium
1891 3164 2272 3232 Episcoporum

366 3249 690 3300 sententiam
727 3249 966 3315 apprime
1005 3264 1287 3298 consonam
1324 3248 1542 3299 vidisset
1577 3250 1854 3317 principiis
1877 3250 2039 3318 juxta
2063 3250 2272 3302 Summi

365 3333 645 3385 Pontificis
666 3336 904 3384 mentem
928 3349 961 3382 a
984 3349 1036 3383 se
1064 3332 1296 3396 traditiS,
1319 3332 1527 3399 quoties
1558 3335 1625 3384 de
1657 3334 1951 3386 scholarum
1981 3336 2270 3386 mixtarum

365 3419 614 3487 periculis
647 3417 887 3469 consulta
919 3417 1109 3468 fuerat.
1182 3417 1342 3468 Porro
1373 3435 1498 3468 cum
1529 3435 1621 3485 per
1645 3419 1925 3486 epistolam
1948 3420 2269 3488 encyclicam

363 3507 435 3558 ad
460 3506 659 3556 clerum
683 3506 866 3556 datam
890 3503 988 3555 sub
1017 3503 1107 3554 die
1136 3506 1206 3553 24
1237 3503 1427 3553 Martii
1468 3504 1605 3555 1865
1646 3504 1916 3556 Praesules
1951 3504 2116 3573 Angli
2154 3522 2270 3555 sen-

364 3593 594 3643 tentiam
641 3589 1001 3657 supradictam
1047 3605 1081 3639 a
1122 3605 1265 3639 sacra
1305 3588 1404 3639 hac
1447 3587 1863 3657 Congregatione
1903 3590 2268 3641 confirmatam

363 3675 731 3727 Sacerdotibus
772 3691 866 3742 per
908 3691 1026 3725 suas
1063 3673 1339 3724 Dioeceses
1374 3673 1763 3741 patefecissent,
1802 3675 2118 3742 sperandum
2156 3679 2268 3724 erat
