2534 4374
455 440 700 483 APPEND.
752 442 839 482 111.
932 440 1124 483 cons'r.
1172 442 1350 483 noem.
1399 445 1557 484 ccxc.
1609 446 1727 486 νΛτ.
1904 429 2025 489 299

281 591 395 642 Hoc
430 590 597 658 igitur
632 589 871 638 veritatis
905 594 959 638 et
993 589 1116 639 fidei
1144 607 1430 657 numquam
1458 592 1747 642 deficientis
1774 594 2029 645 charisma

140 677 294 729 Petro
333 675 548 743 ejusque
588 675 644 723 in
681 674 776 723 hac
813 673 1069 724 Cathedra
1102 676 1474 725 successoribus
1500 677 1755 728 divinitus
1782 679 2031 730 collatum

134 766 235 824 est,
259 766 323 812 ut
346 759 545 810 excelso
571 777 663 810 suo
696 776 910 808 munere
948 760 1001 808 in
1041 761 1278 809 omnium
1322 760 1545 810 salutem
1586 762 1942 829 fungerentur,
1977 775 2035 815 ut

141 847 408 898 universus
447 843 641 896 Christi
680 862 801 913 grex
842 863 933 912 per
970 863 1054 895 eos
1091 845 1158 894 ab
1194 847 1373 895 erroris
1402 863 1652 896 venenosa
1679 866 1792 898 esca
1818 867 2037 911 aversus,

139 931 375 984 caelestis
424 930 691 981 doctrinae
742 930 935 996 pabulo
992 931 1295 991 nutriretur,
1358 938 1418 980 ut
1480 932 1685 982 sublata
1747 934 2038 984 schismatis

141 1016 407 1069 occasione
433 1014 669 1065 Ecclesia
695 1018 809 1064 tota
835 1031 942 1064 una
966 1021 1368 1077 conservaretur,
1394 1020 1554 1083 atque
1580 1035 1671 1066 suo
1698 1019 2036 1069 fundamento

142 1101 339 1162 innixa,
366 1101 517 1150 firma
542 1100 786 1150 adversus
812 1100 968 1150 inferi
996 1094 1170 1167 portas
1196 1102 1515 1151 consisteret.

283 1187 357 1236 At
396 1203 513 1235 vero
554 1203 675 1235 cum
714 1187 828 1252 ipsa
853 1190 1047 1247 aetate,
1072 1203 1176 1252 qua
1203 1186 1469 1236 salutifera
1497 1189 1782 1253 Apostolici
1812 1190 2038 1239 muneris

139 1271 370 1323 efficacia
394 1271 476 1321 vel
502 1270 732 1320 maxime
758 1271 1040 1337 requiritur
1064 1286 1168 1320 non
1200 1272 1354 1337 pauci
1389 1272 1741 1334 inveniantur,
1773 1276 1862 1340 qui
1896 1274 2039 1324 illius

143 1356 449 1408 auctoritati
512 1355 840 1414 obtrectant3
902 1357 1245 1405 necessarium
1310 1357 1523 1406 omnino
1585 1375 1692 1406 esse
1753 1375 2039 1415 censemus,

142 1443 576 1512 praerogativam,
617 1458 777 1508 quam
821 1442 1130 1507 unigenitus
1175 1442 1271 1491 Dei
1320 1441 1487 1491 Filius
1524 1460 1645 1491 cum
1683 1459 1885 1492 summo
1925 1461 2040 1509 pas·-

144 1527 297 1579 torali
322 1526 493 1578 officio
518 1526 833 1593 conjungere
859 1526 1109 1593 dignatus
1135 1531 1230 1588 est,
1258 1526 1557 1577 solemniter
1582 1544 1815 1577 asserere.

286 1612 473 1679 Itaque
498 1610 607 1661 Nos
631 1610 906 1661 traditioni
940 1627 972 1660 a
1004 1611 1130 1661 fidei
1165 1610 1488 1662 Christianae
1523 1613 1730 1662 exordio
1764 1621 2038 1680 perceptae

142 1698 368 1765 fideliter
406 1696 723 1747 inhaerendo
762 1696 830 1746 ad
869 1696 968 1746 Dei
1010 1696 1295 1747 Salvatoris
1319 1698 1482 1746 nostri
1509 1696 1747 1764 gloriam,
1773 1698 2039 1763 religionis

146 1762 446 1836 Cafholioae
482 1781 860 1832 exaltationem
898 1787 954 1832 et
991 1781 1406 1832 Christianorum
1448 1782 1758 1849 populorum
1798 1783 2041 1843 salutem,

145 1885 285 1920 sacro
336 1867 658 1935 approbante
717 1866 969 1929 Concilio,
1019 1868 1263 1918 docemus
1322 1872 1377 1917 et
1435 1868 1693 1917 divinitus
1752 1868 2038 1917 revelatum

143 1954 336 2023 dogma
359 1969 468 2003 esse
492 1952 805 2003 definimus:
846 1952 1145 2002 Romanum
1171 1952 1504 2014 Pontificem,
1537 1969 1657 2002 cum
1690 1970 1751 2002 ex
1784 1952 2041 2003 Cathedra

144 2039 394 2107 loquitur,
433 2039 491 2089 id
530 2042 628 2100 est,
664 2056 785 2088 cum
824 2039 1065 2088 omnium
1107 2037 1521 2088 Christianorum
1563 2038 1792 2088 Pastoris
1824 2044 1879 2087 et
1910 2038 2043 2087 Doc-

145 2125 272 2176 toris
307 2140 521 2175 munere
564 2124 805 2191 fungenS,
847 2139 941 2190 pro
983 2139 1224 2190 suprema
1267 2140 1359 2174 sua
1401 2122 1687 2190 apostolica
1729 2123 2041 2172 auctoritat‹⁸

144 2211 438 2262 doctrinam
474 2210 538 2260 de
574 2209 679 2260 fide
716 2209 799 2260 vel
836 2209 1069 2260 moribus
1106 2209 1174 2259 ab
1211 2211 1450 2259 universa
1488 2208 1721 2259 Ecclesia
1761 2209 2039 2259 tenendam

146 2295 349 2358 definit,
366 2312 456 2363 per
480 2294 838 2346 assistentiam
865 2295 1119 2352 divinam,
1145 2294 1248 2361 ipsi
1274 2294 1329 2343 in
1356 2294 1509 2343 beato
1536 2293 1691 2343 Petro
1718 2293 2041 2360 promissam,

146 2399 208 2434 ea
231 2381 613 2433 infallibilitate
637 2380 848 2448 pollere,
868 2396 974 2447 qua
998 2380 1210 2430 divinus
1235 2378 1556 2446 Redemptor
1580 2378 1867 2428 Ecclesiam
1894 2396 2040 2428 suam

147 2468 205 2519 in
227 2467 522 2518 definienda
546 2467 786 2517 doctrina
810 2466 876 2516 de
901 2465 1006 2516 fide
1025 2465 1108 2516 vel
1132 2464 1363 2515 moribus
1388 2465 1701 2514 instructam
1721 2481 1826 2513 esse
1848 2464 2039 2522 voluit;

146 2553 366 2620 ideoque
401 2551 657 2619 ejusmodi
702 2550 928 2602 Romani
973 2549 1251 2601 Pontificis
1294 2547 1626 2599 definitiones
1668 2565 1731 2598 ex
1775 2566 1898 2610 sese,
1936 2566 2037 2598 non

146 2642 325 2689 autem
350 2655 414 2688 ex
438 2653 690 2688 consensu
715 2635 984 2686 Ecclesiae
1008 2634 1407 2685 irreformabiles
1431 2651 1555 2683 esse.

290 2723 349 2774 Si
388 2723 506 2790 quis
543 2727 725 2772 autem
763 2721 889 2771 huic
927 2720 1147 2771 Nostrae
1181 2719 1478 2769 definitioni
1513 2717 1878 2778 contradicere,
1902 2719 2040 2784 quod

149 2809 288 2860 Deus
312 2812 533 2871 avertat,
557 2807 994 2875 praesumpserit;
1032 2804 1313 2855 anathema
1340 2805 1426 2854 sit.

289 2893 492 2944 Datum
529 2892 747 2955 Romae,
782 2891 837 2941 in
883 2890 1097 2958 publica
1140 2888 1377 2940 Sessione
1420 2889 1477 2938 in
1515 2888 1772 2938 Vaticana
1815 2888 2041 2939 Basilica

149 2978 449 3031 solemniter
487 2978 767 3041 celebrata,
804 2994 941 3027 anno
984 2975 1368 3027 Incarnationis
1412 2973 1719 3023 Dominicae
1761 2973 2041 3024 millesimo

148 3064 586 3133 octingentesimo
611 3062 1018 3131 septuagesimo,
1043 3061 1129 3111 die
1153 3060 1357 3111 decima
1382 3063 1567 3109 octava
1590 3058 1625 3109 J
1627 3058 1742 3108 ulii.

290 3148 639 3201 Pontificatus
663 3147 844 3200 Nostri
868 3163 1007 3198 anno
1032 3146 1289 3211 vigesimo
1314 3144 1516 3212 quinto,
