2534 4374
626 510 703 552 DE
745 509 1090 553 RESIDENTIA
1134 512 1549 556 Eriscoronun.
1904 498 2022 556 4:21

1046 687 1128 747 X.

493 845 592 898 DE
644 844 1091 897 RESIDENTIA
1144 847 1676 904 EPISCOPORUM.

134 993 330 1046 ILLME.
367 1006 439 1046 Ac
476 993 619 1045 RME.
663 992 908 1058 Douma,

281 1093 718 1162 Quandoquidem
743 1093 924 1144 divino
948 1097 1227 1161 praecepto
1245 1094 1542 1146 animarum
1564 1097 1872 1149 Rectoribus
1891 1115 2038 1149 man-

132 1179 327 1231 datum
376 1180 447 1231 sit
506 1196 625 1232 oves
685 1196 802 1230 suas
861 1191 1157 1246 agnoscere,
1211 1195 1400 1247 easque
1460 1198 1668 1248 pascere
1718 1183 1872 1234 verbo
1921 1183 2039 1244 Dei,

103 1266 494 1328 sacramentis,
543 1270 705 1332 atque
754 1263 992 1332 exemplo
1041 1264 1296 1315 bonorum
1345 1283 1579 1333 operum,
1628 1268 1824 1318 idcirco
1884 1269 1925 1318 ii
1974 1269 2040 1318 ad

138 1350 461 1418 personalem
504 1351 561 1400 in
601 1350 708 1402 suis
747 1348 1087 1400 Dioecesibus
1125 1348 1208 1399 vel
1250 1350 1497 1401 Ecclesiis
1534 1353 1872 1403 residentiam
1910 1353 2043 1403 obli-

139 1440 364 1505 gantur3
403 1437 514 1487 sine
550 1452 656 1503 qua
689 1435 995 1502 injunctum
1033 1434 1134 1485 sibi
1168 1434 1399 1486 officium
1440 1437 1660 1506 defungi
1694 1455 1787 1505 per
1820 1456 1874 1489 se
1906 1439 2043 1505 ipsos

139 1521 365 1572 minime
403 1525 630 1588 possent.
706 1520 864 1570 Porro
907 1519 1184 1587 pastoralis
1223 1521 1539 1571 residentiae
1579 1523 1820 1573 debitum
1863 1524 2045 1590 quovis

139 1611 374 1674 tempore
405 1605 642 1656 Ecclesia
666 1605 766 1656 Dei
802 1622 1022 1655 asserere
1051 1610 1213 1673 atque
1250 1623 1436 1675 urgere
1468 1623 1573 1657 non
1611 1608 1854 1670 destitit3
1894 1609 2044 1675 cujus

139 1691 515 1742 sollicitudinis
555 1690 829 1742 luculenta
868 1690 1120 1741 exhibent
1158 1692 1470 1742 testimonia
1512 1710 1617 1742 non
1658 1694 1814 1743 modo
1848 1699 2045 1743 veteres

141 1793 382 1840 canoneS,
406 1777 497 1827 sed
522 1779 579 1827 et
603 1781 928 1826 sacrosancta
951 1775 1267 1826 Tridentina
1287 1775 1527 1844 Synodus
1553 1776 1692 1829 Sese.
1731 1776 1822 1828 VI.
1849 1794 1968 1846 cap.
1999 1780 2045 1827 1.

143 1860 208 1912 de
231 1860 420 1930 Refor.
445 1866 501 1912 et
520 1859 659 1913 Sese.
686 1860 909 1912 XXIII.
936 1861 1002 1913 de
1021 1861 1145 1931 Res.
1166 1878 1286 1932 cap.
1317 1865 1364 1913 1.
1396 1880 1457 1913 ac
1495 1863 1779 1913 novissime
1798 1862 2047 1914 Summus

142 1946 392 1998 Pontifex
449 1946 769 1998 Benedictus
826 1947 977 1997 XIV.
1028 1948 1121 2015 qui
1172 1945 1566 1999 Constitutione
1615 1945 1691 1998 ad
1747 1946 2043 1999 Universae

145 2029 496 2085 Christianae
528 2030 888 2102 Reipublicae
924 2036 1137 2084 statum
1174 2033 1321 2084 edita
1344 2033 1433 2084 die
1461 2035 1510 2083 3.
1539 2032 1863 2100 Septembris
1912 2032 1973 2084 17
1978 2036 2046 2083 46

142 2118 456 2170 residentiae
504 2118 884 2188 obligationem
934 2122 991 2169 et
1038 2117 1327 2169 inculcavit
1377 2117 1557 2169 sedulo
1606 2122 1662 2169 et
1710 2118 2049 2169 disertissime

142 2203 449 2271 explicavit.

288 2288 438 2350 Quod
472 2289 517 2340 si
553 2289 752 2356 ubique
779 2288 1013 2340 locorum
1046 2288 1287 2339 Pastores
1324 2289 1618 2339 animarum
1657 2306 1750 2356 pro
1776 2290 1934 2339 officii
1966 2292 2046 2340 sui

135 2376 348 2426 ‘ratione
373 2372 705 2425 continenter
728 2375 784 2424 in
811 2374 987 2425 medio
1011 2375 1184 2443 gregis
1210 2375 1384 2424 vivere
1410 2379 1634 2441 oportet,
1660 2375 1727 2424 ad
1761 2376 1817 2424 id
1855 2376 2046 2441 potiori

145 2460 311 2511 etiam
335 2459 498 2510 titulo
522 2460 605 2510 illi
631 2464 880 2510 tenentur
904 2459 1097 2527 quibus
1130 2461 1429 2510 animarum
1463 2478 1587 2510 cura
1620 2461 1937 2511 demandata
1971 2468 2049 2511 est

145 2545 203 2594 in
229 2544 357 2595 locis
380 2544 716 2595 Missionum.
792 2543 928 2596 Cum
952 2544 1098 2595 enim
1127 2543 1307 2595 fideles
1340 2546 1396 2595 in
1431 2545 1775 2595 Missionibus
1813 2547 2050 2614 graviora

146 2630 342 2698 passim
380 2629 551 2680 subire
587 2633 844 2698 cogantur
879 2629 1129 2697 pericula,
1156 2630 1286 2680 dum
1319 2631 1524 2680 minora
1555 2635 1617 2680 ut
1652 2630 1942 2698 plurimum
1980 2631 2048 2680 iis

145 2718 353 2782 praesto
396 2718 521 2764 sunt
559 2714 871 2782 adjumenta
906 2714 1189 2777 virtutum,
1226 2714 1480 2782 peculiari
1523 2732 1583 2765 ac
1627 2716 2049 2783 praesentissima

145 2800 394 2868 indigent
418 2800 701 2870 vigilantia
725 2804 888 2868 atque
907 2817 1007 2868 ope
1031 2800 1328 2851 Pastorum.
1404 2800 1565 2851 Haud
1592 2801 1760 2869 igitur
1784 2802 1978 2852 mirum
2006 2803 2048 2851 si

146 2902 289 2936 sacro
310 2885 537 2938 Consilio
555 2884 851 2937 Christiano
872 2885 1093 2936 Nomini
1119 2885 1466 2954 Propagando
1490 2886 1570 2935 nil
1595 2887 1754 2936 fuerit
1778 2888 2050 2954 antiquius

147 2988 310 3038 quam
335 2972 474 3021 datis
498 2972 662 3021 etiam
687 2970 923 3022 Decretis
949 2988 1127 3022 curare
1151 2975 1216 3021 ut
1251 2988 1283 3022 a
1321 2989 1375 3022 se
1411 2971 1765 3038 dependentes
1800 2972 2048 3039 Episcopi

146 3056 446 3124 Vicariique
489 3056 780 3124 Apostolici
822 3057 879 3106 in
924 3058 1031 3107 suis
1069 3056 1432 3120 Missionibus,
1482 3056 1655 3123 quoad
1703 3055 1813 3106 fieri
1858 3064 2050 3123 posset,

147 3142 342 3210 absque
374 3141 485 3191 ulla
521 3141 904 3208 interruptione
937 3141 1235 3191 residerent.
1312 3140 1482 3201 Quam
1519 3141 1735 3207 quidem
1772 3141 1828 3190 in
1855 3159 1964 3191 rem
1989 3159 2049 3191 eo

147 3244 314 3294 usque
337 3227 575 3294 pervenit
600 3225 795 3276 Sancta
820 3224 995 3288 SedeS,
1019 3230 1084 3276 ut
1108 3226 1338 3276 laudatis
1363 3224 1697 3275 Praesulibus
1735 3226 1830 3275 sub
1852 3226 2049 3294 gravis-

149 3312 297 3362 simis
321 3312 501 3379 poenis
525 3310 866 3378 prohibuerit,
885 3328 952 3364 ne
972 3311 1310 3362 Pontificalia
1334 3310 1519 3360 munia
1538 3311 1594 3359 in
1620 3310 1792 3359 aliena
1811 3309 2044 3360 Dioecesi

147 3401 232 3452 vel
254 3400 515 3452 Districtu
539 3399 703 3451 etiam
729 3400 795 3451 de
814 3417 1066 3451 consensu
1105 3399 1368 3451 Ordinarii
1392 3399 1501 3449 ullo
1538 3399 1692 3449 modo
1725 3405 2045 3466 peragerent.

292 3486 365 3537 At
389 3485 658 3554 quoniam,
682 3485 822 3536 hisce
858 3502 965 3536 non
989 3485 1340 3547 obstantibuS,
1365 3483 1506 3533 haud
1543 3500 1655 3533 raro
1692 3483 1959 3552 contingit
1984 3491 2043 3533 ut

148 3568 381 3619 Praelati
416 3567 734 3620 Missionum
771 3567 1070 3619 inconsulta
1108 3566 1241 3619 Sede
1277 3565 1580 3633 Apostolica
1618 3570 1673 3614 et
1707 3565 1901 3632 absque
1928 3583 2045 3615 vera

148 3655 461 3706 necessitate
499 3658 595 3704 aut
633 3670 788 3704 causa
826 3653 1077 3704 canonica
1114 3651 1364 3720 perlonga
1403 3650 1693 3717 suscipiant
1737 3650 1945 3713 itinera,
1983 3670 2044 3700 ex

143 3757 254 3809 quo
279 3757 385 3791 non
409 3739 692 3791 mediocria
717 3738 1023 3788 commissae
1048 3736 1155 3786 illis
1180 3734 1458 3784 Missiones
1483 3733 1597 3800 pati
1631 3738 1849 3799 possunt
1886 3734 2045 3783 detri-
