2534 4374
427 437 507 498 72
1005 446 1166 490 cono.
1212 442 1383 488 PRov.
1429 440 1650 484 wssru.
1697 440 1740 482 1.

1287 641 1444 693 XXI.

887 776 986 828 DE
1037 767 1866 827 CONFRATERNITATIBUS

735 887 897 938 PER
962 885 1428 947 EPISCOPOS
1494 884 2019 935 ERIGENDIS.

566 1019 650 1072 Ex
672 1020 947 1071 audientia
973 1016 1309 1069 Sanctissimi
1333 1014 1519 1066 habita
1543 1015 1632 1067 die
1659 1016 1723 1066 31
1753 1015 2004 1086 Augusti,
2034 1018 2189 1070 1854.

572 1106 945 1158 Sanctissimus
969 1103 1233 1154 Dominus
1263 1101 1456 1152 Noster
1479 1101 1611 1153 Pius
1635 1102 1820 1154 divina
1855 1102 2192 1171 providentia
2224 1102 2334 1155 ΡΡ.

426 1192 529 1255 -IX,
552 1191 808 1242 referente
831 1206 919 1239 me
950 1187 1287 1255 infrascripto
1325 1186 1378 1238 S.
1419 1185 1855 1256 Congregationis
1892 1188 1959 1239 de
1991 1187 2340 1258 Propaganda

427 1277 563 1328 Fide
588 1274 894 1337 SecretariO,
945 1273 1014 1325 ad
1062 1288 1240 1340 preces
1289 1271 1355 1324 R.
1397 1272 1460 1323 P.
1504 1272 1570 1323 D.
1611 1273 1846 1324 Thomae
1887 1272 2059 1325 Grant
2082 1273 2335 1342 Episcopi

429 1359 838 1413 Suthwarcensis
885 1357 1116 1426 benigne
1165 1358 1424 1408 concessit
1463 1357 1902 1410 Eminentissimo
1968 1375 2031 1410 ac
2082 1358 2342 1410 Reveren—

430 1447 646 1497 dissimo
670 1444 1076 1512 Archiepiscopo
1118 1442 1670 1494 westmonasteriensi
1711 1460 1810 1494 nec
1851 1460 1959 1496 non
1999 1444 2245 1496 omnibus
2280 1461 2342 1495 ac

432 1531 655 1600 singulis
694 1529 808 1581 BR.
850 1529 961 1581 ΡΡ.
1011 1528 1128 1580 DD.
1168 1528 1446 1596 Episcopis
1483 1529 1828 1598 suffraganeis
1863 1530 2015 1599 regni
2039 1529 2341 1598 Anglicani,

432 1616 744 1667 facultatem
768 1614 837 1665 ad
860 1614 1290 1682 quinquennium
1313 1614 1552 1683 erigendi
1576 1615 1634 1664 in
1670 1615 1798 1666 locis
1834 1614 2154 1683 respectivae
2183 1613 2346 1683 juris-

434 1702 682 1752 dictionis
705 1701 859 1768 pium
884 1699 1198 1750 exercitium
1223 1699 1357 1750 Viae
1384 1698 1563 1750 Crucis
1588 1704 1645 1750 et
1669 1717 1850 1751 omnes
1886 1699 2344 1751 confraternitates

434 1803 467 1837 a
492 1785 545 1838 S.
574 1785 708 1837 Sede
732 1785 1047 1854 approbatas
1071 1801 1195 1835 cum
1218 1786 1486 1851 potestate
1510 1784 1710 1836 eisdem
1744 1785 2038 1836 ascribendi
2069 1784 2346 1850 utriusque

436 1888 579 1924 sexes
625 1871 826 1934 fideleS,
862 1887 924 1921 ac
959 1869 1308 1921 benedicendi
1351 1869 1646 1937 scapularia
1681 1874 1738 1921 et
1772 1870 2007 1938 insignia
2043 1869 2342 1920 earumdem

437 1957 930 2009 confraternitatum
953 1955 1179 2022 propria,
1215 1971 1339 2005 cum
1381 1954 1743 2023 applicatione
1785 1956 2026 2006 omnium
2066 1954 2348 2023 indulgen-

438 2045 635 2094 tiarum
660 2045 716 2093 et
738 2041 1136 2111 privilegiorum
1160 2056 1294 2107 quae
1318 2056 1351 2090 a
1376 2037 1470 2091 SS.
1508 2038 1860 2091 Pontificibus
1896 2043 2015 2091 tum
2050 2039 2349 2107 praefatum

440 2129 751 2180 exercitium
792 2127 926 2178 Viae
970 2125 1149 2178 Crucis
1197 2124 1590 2195 peragentibus,
1638 2127 1758 2174 tum
1807 2122 2346 2186 confi-aternitatibuS,

441 2213 813 2284 scapularibuS,
840 2217 959 2277 etc.,
985 2211 1263 2279 impertita
1289 2215 1431 2263 sunt.

583 2300 707 2350 Dat.
735 2298 935 2350 Romae
960 2313 1024 2347 ex
1049 2297 1178 2347 Aed.
1204 2295 1335 2347 dict.
1361 2293 1416 2347 S.
1445 2292 1880 2365 congregationis
1904 2295 1991 2346 die
2016 2297 2073 2346 et
2095 2309 2253 2358 anno,
2274 2297 2337 2344 ut

444 2401 613 2455 supra.

695 2469 880 2521 Gratis
905 2469 1018 2521 sine
1040 2467 1152 2519 ulla
1175 2467 1393 2519 omnino
1418 2466 1679 2518 solutione
1703 2466 1888 2534 quovis
1911 2464 2092 2517 titu10.

1518 2565 1587 2616 Al
1611 2563 1892 2629 BARNABb‚
1916 2578 1955 2615 a
1976 2558 2207 2615 secretis.

589 2642 653 2695 L.
679 2641 731 2692 ’Β
756 2639 812 2694 S.

1307 2821 1494 2875 XXII.

471 2959 580 3013 ‘DE
626 2956 1272 3013 MISSIONARIORUM
1321 2952 1823 3008 REGULARIUM
1870 2947 2320 3003 REMOTIONE.

899 3087 1159 3129 EPISTOLA
1194 3088 1239 3127 S·
1278 3086 1441 3127 CONG.
1479 3085 1554 3124 DE
1588 3083 1728 3123 PROP
1763 3082 1912 3121 FIDE.

597 3212 1034 3266 Eminentissime
1068 3229 1131 3263 ac
1167 3209 1620 3263 Reverendissime
1642 3207 1872 3259 Domine
1907 3205 1986 3256 mi
2009 3201 2354 3256 observantis-

457 3301 607 3364 sime,

600 3384 681 3436 Ut
716 3383 1002 3435 nonnullae
1036 3383 1307 3434 missiones
1330 3381 1545 3451 Anglici
1582 3378 1734 3447 regni
1767 3376 1999 3435 creditae
2029 3370 2353 3442 regularibus

456 3470 558 3520 rite
597 3470 1047 3530 administrentur,
1082 3471 1291 3518 attento
1333 3468 1500 3517 etiam
1542 3464 1685 3533 quod
1726 3463 1926 3514 ibidem
1963 3459 2106 3510 haud
2137 3455 2353 3524 plurimi

459 3558 762 3621 suppetant,
812 3553 866 3606 S.
917 3552 1268 3621 Congregatio
1316 3568 1440 3601 cum
1488 3565 1708 3600 examen
1758 3545 1957 3615 Synodi
2015 3539 2353 3611 provincialis

460 3643 744 3709 perageret,
752 3655 858 3689 non
876 3638 1033 3688 modo
1050 3627 1296 3704 probauit
1311 3639 1437 3687 vota
1455 3635 1836 3702 Episcoporum
1854 3629 2027 3698 quoad
2045 3626 2353 3678 methodum

454 3739 554 3790 >pro
579 3739 702 3774 casu
725 3722 1032 3774 remotionis
1056 3738 1193 3790 quae
1216 3721 1426 3772 decreto
1448 3730 1635 3781 XXVII,
1650 3735 1704 3769 n.
1726 3720 1778 3781 2,
1802 3715 2156 3775 continentur,
2172 3726 2351 3762 verum
