2534 4374
451 401 578 462 436
1196 414 1431 458 ummo
1474 414 1617 456 xvn.

450 578 506 624 et
534 571 908 634 confessorem,
949 570 1228 636 utriusque
1271 567 1491 618 Festum
1532 565 1823 628 recolendo,
1867 565 1964 616 sub
2005 566 2115 617 ritu
2153 563 2360 632 duplici

451 659 659 727 majori,
706 659 867 726 primi
904 656 1123 723 quidem
1166 654 1251 705 die
1301 655 1369 704 29
1415 652 1449 703 J
1451 652 1674 714 anuarii,
1722 651 1938 702 alterius
1985 667 2104 701 vero
2151 648 2240 700 die
2292 649 2360 698 12

454 741 712 793 Octobris.

565 827 832 878 Sanctitas
855 842 1006 893 porro
1042 823 1166 887 Sua,
1191 823 1260 874 ad
1296 822 1608 876 relationem
1644 821 1965 888 infrascripti
1990 818 2267 872 Secretarii
2304 817 2363 875 S.

456 911 684 963 Rituum
730 909 1182 979 Congregationis‚
1220 908 1444 976 benigne
1488 907 1546 956 in
1585 906 1828 958 omnibus
1870 922 2098 957 annuere
2139 904 2361 973 dignata

455 1002 554 1060 est,
593 997 811 1047 servatis
854 995 958 1046 rite
997 995 1262 1057 Rutu-icis,
1298 992 1574 1044 contrariis
1611 1008 1718 1042 non
1768 990 2100 1042 obstantibus
2148 987 2371 1057 quibus-

457 1099 707 1151 cumque,
732 1077 820 1132 die
851 1083 914 1132 18
941 1081 1246 1132 Decembris
1275 1079 1430 1130 1879.

824 1220 890 1271 1).
931 1218 1135 1271 CARD.
1175 1198 1687 1280 BARTOLINIUS,
1724 1214 1915 1269 sao.
1952 1215 2290 1285 Praefectus.

496 1343 559 1394 L.
595 1339 666 1412 »χι
704 1341 758 1393 S.
1284 1339 1451 1391 PLAC.
1491 1338 1685 1401 mm,
1722 1336 1913 1392 sao,
1951 1336 2064 1391 seo.
2147 1319 2154 1332 ’

1307 1788 1529 1850 XVII.

592 1955 712 2015 DE
770 1954 829 2015 N
834 1953 1016 2015 OVA
1072 1952 1424 2015 DIOOESI
1480 1953 2232 2017 MEDIOBURGENSI.

910 2164 1112 2212 PRIMI
1158 2140 1462 2212 EPISCOPI
1508 2165 1556 2211 N
1560 2163 1913 2212 OMINATIO.

571 2362 808 2415 Litterae
862 2360 1216 2432 Apostoliccw
1253 2361 1459 2430 quibus
1508 2361 1846 2416 nominatur
1899 2362 2139 2418 Priamus
2198 2364 2373 2435 Epis-

464 2466 638 2520 copus
675 2449 743 2500 M
740 2446 1172 2516 edioburyensis,
1199 2452 1248 2500 et
1285 2447 1490 2501 limites
1515 2466 1687 2502 novae
1710 2448 1957 2502 Diooesis
1982 2448 2378 2516 assiqnantur..

1172 2572 1314 2625 LEO
1353 2573 1464 2624 PP.
1503 2573 1665 2623 XIII.

574 2702 783 2752 Dilecte
797 2700 926 2763 Fili,
943 2699 1181 2751 Salutem
1207 2703 1262 2750 et
1286 2700 1646 2767 Apostolicam
1684 2700 2132 2753 Benedictionem.
2204 2702 2381 2771 Apos-

466 2787 666 2838 tolatus
732 2785 985 2847 officium,
1058 2783 1263 2835 meritis
1341 2784 1471 2836 licet
1543 2785 1852 2852 imparibuS,
1911 2784 2076 2836 Nobis
2134 2803 2199 2837 ex
2259 2787 2373 2839 alto

466 2873 823 2932 commissum,
848 2887 952 2937 quo
992 2869 1347 2920 Ecclesiarum
1387 2871 1629 2921 omnium
1671 2870 1921 2938 regimini
1964 2870 2159 2921 Divina
2194 2871 2381 2940 dispo-—

467 2957 660 3008 sitione
740 2955 1113 3023 praesidemuS,
1175 2955 1386 3005 utiliter
1463 2956 1696 3023 exsequi,
1758 2955 2046 3023 adjuvante
2121 2955 2378 3020 Domino,

467 3044 783 3110 satagentes,
810 3040 1027 3091 solliciti
1053 3039 1204 3090 corde
1229 3040 1498 3090 reddimur
1524 3044 1579 3090 et
1605 3040 1832 3102 solerteS,
1859 3045 1922 3090 ut
1947 3058 2070 3091 cum
2095 3041 2162 3092 de
2189 3058 2367 3092 earum

466 3126 822 3176 Ecclesiarum
845 3124 1196 3192 regiminibus
1221 3123 1399 3192 agitur
1439 3125 1854 3187 committendis,
1880 3125 2011 3175 tales
2037 3126 2111 3175 eis
2147 3127 2206 3176 in
2242 3126 2380 3179 Pas--

466 3218 603 3262 tores
644 3210 921 3278 praeficere
959 3209 1280 3271 studeamUS,
1306 3210 1400 3276 qui
1443 3209 1702 3276 populum
1747 3227 1870 3260 suae
1913 3227 2064 3260 curae
2106 3211 2367 3262 creditum

466 3296 654 3358 sciant,
679 3311 786 3346 non
825 3294 997 3346 solum
1036 3293 1274 3344 doctrina
1314 3293 1474 3356 verbi,
1517 3294 1606 3344 sed
1649 3295 1815 3345 etiam
1858 3295 2112 3345 bonorum
2151 3312 2367 3362 operum

463 3381 703 3448 exemplo
763 3380 1059 3441 informare,
1108 3379 1514 3445 commissasque
1573 3379 1674 3430 sibi
1725 3379 2002 3442 EcclesiaS,
2041 3380 2097 3429 in
2147 3380 2379 3446 pacifico-

464 3465 853 3533 tranquilloque
878 3467 1024 3514 statu
1049 3463 1217 3514 velint
1249 3466 1305 3514 et
1330 3463 1556 3526 valeant,
1582 3468 1795 3514 auctore
1819 3464 2066 3525 Domine,
2093 3463 2368 3515 salubriter

462 3569 637 3621 regere
687 3555 742 3601 et
791 3550 1016 3600 feliciter
1064 3549 1370 3618 gubernare.
1460 3548 1677 3609 Dudum
1728 3550 1988 3616 siquidem
2048 3546 2375 3616 provisiones⁴

463 3633 816 3684 Ecclesiarum
843 3632 1083 3682 omnium
1119 3647 1260 3681 nunc
1303 3630 1611 3681 vacantium
1652 3634 1707 3681 et
1749 3632 1807 3681 in
1845 3635 2111 3698 posterum
2151 3636 2376 3681 vacatu-
