2534 4374
463 419 591 478 234
1036 438 1198 480 cose.
1245 439 1408 481 PRov.
1455 439 1675 482 WEs'rM.
1722 441 1803 482 1v.

606 588 638 613 ‘⁶
658 583 722 633 In
748 584 894 634 victu
925 584 1162 634 contenti
1203 584 1310 634 sint
1350 585 1667 635 missionarii
1707 586 1782 636 eis
1821 603 1956 652 quae
1994 588 2362 654 apponuntur:

459 685 557 719 nec
583 668 807 735 speciale
832 669 961 735 quid
985 668 1274 735 postulent,
1299 669 1404 719 nisi
1429 669 1678 720 valetudo
1703 671 1762 720 id
1787 671 1982 738 exigat.

605 758 638 783 “
656 754 722 803 In
749 753 946 803 vestitu
971 752 1108 803 nihil
1133 758 1320 822 gerant
1356 755 1495 822 quod
1533 754 1615 805 vel
1648 755 1943 806 vanitatem
1979 755 2064 806 vel
2087 760 2366 822 sumptum

460 841 689 890 nimium
749 839 954 904 sapiat:
1018 843 1073 888 et
1130 839 1429 889 abstineant
1484 856 1516 890 a
1573 839 1859 903 cachinnis,
1908 845 1964 891 et
2017 842 2163 892 omni
2209 847 2366 909 gestu

454 924 704 991 corporis,
742 924 835 990 qui
871 923 1274 975 dissolutionem
1316 925 1572 988 redolent,
1615 926 1905 976 certissime
1947 927 2188 989 scientes,
2223 926 2365 993 quod

457 1008 549 1078 <ut
591 1009 672 1058 ait
716 1008 1143 1077 Ecclesiasticus)
1182 1009 1411 1061 amictus
1453 1011 1698 1078 corporis,
1737 1015 1794 1062 et
1836 1013 1969 1062 risus
2009 1011 2270 1074 dentium,
2309 1015 2366 1062 et

460 1095 722 1162 ingressus
746 1093 977 1144 hominis
1001 1094 1249 1144 enuntiat
1273 1094 1340 1145 de
1362 1112 1440 1145 eo·

603 1183 637 1209 ‘⁶
653 1179 893 1248 Fugiant
917 1180 1104 1243 otium,
1130 1179 1300 1230 veluti
1323 1181 1672 1254 certissimam
1708 1181 1939 1232 radicem
1963 1181 2222 1232 malarum
2247 1185 2365 1232 ten-

457 1265 757 1315 tationum:
795 1281 857 1315 ac
886 1268 1160 1332 propterea
1191 1265 1260 1315 ad
1293 1265 1581 1316 minimum
1618 1265 1849 1316 habeant
1895 1266 2039 1333 apud
2089 1283 2142 1318 se
2189 1265 2366 1334 Scrip—

458 1355 634 1400 turam
660 1348 873 1400 Sacram
897 1366 1059 1417 quam
1083 1354 1340 1418 perpetuo
1364 1351 1708 1401 meditentur.

603 1439 636 1465 ‘⁶
653 1434 704 1485 N
708 1453 737 1485 e
785 1435 1104 1486 altercentur
1152 1453 1276 1486 cum
1325 1436 1595 1504 quibusvis
1645 1436 2016 1501 sacerdotibuS,
2058 1438 2364 1505 praesertim

452 1521 844 1589 antiquioribus
868 1538 951 1572 se:
990 1521 1182 1588 quibus
1207 1539 1419 1573 omnem
1448 1524 1794 1574 reverentiam
1831 1539 1893 1574 ac
1928 1523 2180 1574 honorem
2217 1523 2364 1574 debi-

459 1610 578 1655 tum
626 1602 928 1666 exhibeant,
977 1607 1042 1653 ut
1091 1621 1183 1654 suo
1232 1604 1474 1671 exemplo
1523 1604 1746 1656 doceant
1793 1605 1955 1656 laicos
2002 1605 2264 1672 quomodo
2313 1621 2365 1656 se

456 1706 635 1757 gerere
660 1689 885 1739 debeant
909 1705 1031 1756 erga
1057 1689 1360 1740 sacerdotes.

601 1775 637 1802 “
653 1771 885 1822 Caveant
908 1787 940 1820 a
964 1771 1341 1822 consuetudine
1365 1771 1668 1839 objiciendi,
1688 1789 1779 1823 seu
1804 1772 2100 1839 opponendi
2128 1789 2181 1823 se
2205 1771 2364 1822 dictis

453 1857 701 1918 aliorum,
752 1872 858 1922 qua
906 1856 963 1905 in
1013 1855 1202 1906 scholis
1252 1857 1491 1907 exercitii
1546 1858 1720 1926 gratia
1773 1858 1857 1908 usi
1913 1861 2071 1909 sunt:
2133 1857 2260 1924 quia
2308 1858 2365 1907 in

459 1941 712 1991 familiari
738 1941 986 1991 convictu
1010 1940 1150 1991 inter
1173 1940 1411 1992 homines
1436 1942 1588 1992 valde
1612 1943 1790 1992 odiosa
1814 1947 1911 1992 est.

602 2029 636 2056 “
652 2025 732 2076 De
782 2025 1236 2076 consacerdotibus
1279 2043 1340 2076 ac
1383 2027 1630 2076 fratribus
1667 2027 1791 2089 suis,
1830 2043 1927 2076 nec
1967 2026 2123 2077 facile
2161 2027 2365 2094 aliquid

458 2110 798 2164 inhonestum
841 2112 1086 2162 credant:
1134 2128 1231 2162 nec
1275 2112 1489 2162 omnino
1532 2112 1710 2179 palam
1752 2112 2010 2173 referant3
2059 2111 2143 2164 vel
2185 2112 2364 2180 palam

457 2198 804 2250 referentibus
827 2214 1005 2248 aurem
1031 2196 1390 2265 praebeant.”1

1122 2414 1524 2466 DECRETUM
1561 2415 1693 2467 XII.

1083 2549 1164 2602 De
1210 2548 1338 2602 Vita
1373 2548 1736 2603 Sacerdotali.

606 2688 652 2738 1.
690 2690 724 2717 “
742 2685 845 2746 Qui
889 2683 1059 2735 sancti
1102 2698 1208 2732 non
1260 2686 1401 2744 sunt,
1445 2686 1626 2732 sancta
1669 2686 1890 2734 tractare
1932 2699 2040 2734 non
2081 2681 2274 2735 debent
2293 2683 2320 2707 ’⁹
2341 2683 2362 2714 2

454 2771 654 2825 Omnes
680 2769 878 2822 Christi
902 2768 1101 2831 fideleS,
1127 2771 1263 2818 teste
1287 2767 1556 2835 Apost010‚
1581 2769 1756 2819 vocati
1781 2772 1906 2819 sunt
1931 2768 2099 2818 sancti
2115 2767 2160 2828 33
2199 2785 2362 2820 sacer-

458 2872 606 2923 dotes
672 2885 793 2919 vero
863 2868 931 2917 ad
1001 2866 1301 2916 sanctitatis
1371 2866 1746 2932 perfectionem
1815 2867 2011 2917 debent
2070 2867 2358 2918 ascendere.

452 2961 492 2987 “
513 2955 617 3016 Qui
665 2954 810 3004 enim
858 2952 960 3002 loci
1010 2951 1091 3000 sui
1140 2950 1453 3001 necessitate
1514 2967 1722 3001 summa
1781 2951 1968 3014 dicere,
2016 2950 2115 3001 hac
2175 2951 2359 3002 eadem

457 3041 772 3092 necessitate
843 3036 1178 3103 compellitur
1249 3052 1456 3086 summa
1528 3035 1864 3087 monstrare.”
1878 3037 1899 3068 4
2004 3036 2050 3086 F
2052 3037 2360 3088 ormidanda

454 3127 674 3178 omnino
718 3127 798 3175 est
840 3121 1167 3173 admonitio:
1231 3124 1266 3151 “
1283 3119 1406 3171 Non
1454 3120 1610 3170 debet
1657 3124 1855 3171 temere
1903 3121 2092 3172 ducem
2140 3138 2193 3172 se
2240 3121 2360 3173 aliis

454 3213 629 3264 divini
666 3209 886 3260 luminis
922 3211 1202 3277 praestare,
1237 3207 1284 3257 is
1320 3207 1414 3274 qui
1449 3222 1556 3257 non
1591 3206 1738 3257 omni
1775 3210 1920 3258 statu
1959 3223 2052 3257 suo
2087 3210 2143 3258 et
2170 3206 2358 3258 habitu
2399 3270 2403 3273 ι

534 3375 551 3399 ¹
574 3376 735 3415 Monita
766 3375 953 3424 quaedam
985 3372 1108 3411 utilia
1131 3383 1210 3420 pro
1238 3368 1520 3418 Sacerdotibus,
1553 3368 1839 3417 Sminaristis,
1869 3337 2143 3407 maionem-iis
2168 3369 2357 3420 Anqliae.

456 3444 643 3483 Auctore
665 3439 876 3481 Richardo
903 3437 1129 3487 Smithaeo‚
1151 3436 1258 3489 Epo.
1282 3434 1623 3485 Chalcedonensi,
1645 3433 1829 3486 Angliae
1856 3435 1899 3474 et
1925 3432 2091 3475 Scotiae
2118 3433 2354 3476 Ordinatio.

457 3508 659 3559 Londini,
686 3508 802 3548 1695.

961 3571 980 3595 ⁸
1007 3576 1024 3612 l
1049 3571 1143 3612 Cor.
1161 3570 1190 3610 i.
1213 3572 1251 3610 2.
1442 3567 1460 3591 ²
1487 3567 1597 3608 Cone.
1622 3569 1807 3619 Carthaq.

961 3640 980 3661 ‘
1004 3639 1045 3680 S.
1068 3639 1244 3691 Gregor.
1271 3638 1378 3677 Oura
1396 3637 1619 3686 Pastorum,
1641 3648 1683 3688 p.
1705 3637 1742 3682 2,
1764 3647 1799 3675 c.
1821 3637 1858 3675 3.
