2534 4374
958 490 1232 533 occasu.
1915 477 2035 538 105

141 631 311 683 alium
351 630 418 681 ab
458 630 721 699 Episcopo
755 632 985 684 electum
1024 634 1377 702 supplendum
1408 636 1683 688 curabunt.
1775 638 2044 689 Adminis—

140 720 307 767 trator
343 715 511 785 igitur
544 718 825 783 pecuniam
855 718 922 768 ad
960 720 1263 770 missionem
1299 722 1672 788 pertinentem,
1698 722 1896 773 scilicet
1924 740 2040 773 eam

140 819 274 870 quae
310 802 378 852 ad
414 802 684 869 proprium
723 803 993 870 peculium
1020 821 1125 855 non
1159 807 1408 872 pertinet,
1435 806 1573 858 ultra
1598 824 1860 858 summam
1889 808 2044 859 libra-

60 938 62 940 ,
140 906 258 939 rum
284 888 482 957 viginti
507 889 649 955 apud
675 906 727 938 se
754 888 873 955 plus
897 906 1059 956 quam
1085 890 1268 941 decem
1293 891 1406 942 dies
1439 908 1543 942 non
1581 894 1823 955 retineat,
1860 895 1948 944 sed
1985 895 2042 945 in

141 974 343 1025 dictam
367 989 604 1023 mensam
631 973 917 1042 diligenter
942 975 1147 1025 referat.

283 1057 438 1109 XIX.
491 1057 685 1109 Nullus
704 1059 968 1109 missionis
988 1060 1386 1112 administrator
1402 1061 1749 1113 instrumenta
1769 1062 1959 1130 legalia
1979 1064 2045 1114 de

140 1144 291 1196 bonis
317 1143 580 1194 Ecclesiae
606 1142 854 1194 conficiat
880 1144 992 1194 sine
1026 1161 1264 1212 expressa
1301 1147 1618 1198 auctoritate
1658 1147 1924 1215 Episcopi,
1949 1149 2043 1215 qui

142 1230 472 1298 legisperitos
507 1228 566 1278 in
605 1227 910 1296 hujusmodi
947 1229 1178 1297 negotiis
1220 1231 1596 1282 versatissimos
1638 1233 1901 1284 consulere
1942 1250 2046 1284 non

141 1315 429 1379 dubitabit,
449 1315 628 1382 sicque
654 1315 902 1365 revisiom'
928 1314 1355 1365 accuratissimae
1382 1315 1746 1382 subjiciantur.

285 1400 410 1451 XX.
461 1399 656 1452 Omnia
710 1398 954 1450 aedificia
1008 1400 1076 1450 ad
1124 1399 1431 1451 missionem
1493 1402 1818 1467 pertinentia
1866 1407 2049 1453 contra

141 1486 449 1537 incendium
499 1502 678 1536 secura
726 1484 1016 1535 reddantur
1059 1501 1151 1551 per
1200 1501 1433 1535 annuam
1484 1486 1800 1537 solutionem
1851 1488 2047 1538 factam

142 1571 305 1622 alicui
348 1570 592 1621 societati
632 1569 700 1620 ad
743 1568 842 1620 hoc
886 1569 1199 1620 destinatae.

286 1656 443 1706 XXI.
495 1654 682 1706 Omnis
708 1654 1062 1722 eleemosynas
1099 1653 1341 1705 fidelium
1379 1671 1632 1721 quaerens
1667 1656 1866 1706 muniri
1892 1657 2050 1707 debet

143 1741 470 1809 autographo
508 1738 776 1791 Ordinarii
816 1739 899 1790 vel
934 1738 1212 1805 superioris
1255 1738 1455 1806 proprii
1495 1739 1576 1805 obj
1586 1744 1764 1790 ectum
1802 1746 2051 1807 quaestus

143 1827 223 1895 pii
247 1827 547 1878 declarante
573 1830 629 1876 et
652 1826 923 1894 recognito
948 1826 1016 1876 ab
1041 1824 1317 1876 Ordinario
1343 1825 1447 1876 loci
1473 1826 1566 1876 ubi
1600 1832 1877 1894 quaestum
1904 1828 2053 1888 facit,

143 1929 266 1962 cum
308 1911 612 1962 conditione
656 1911 714 1960 in
757 1926 819 1961 eo
871 1927 1108 1977 expressa
1159 1910 1301 1977 quod
1349 1910 1460 1978 ipse
1504 1914 1746 1962 teneatur
1795 1913 2050 1963 rationem

144 2000 444 2047 accuratam
484 1996 699 2046 reddere
736 1995 999 2063 Episcopo
1034 1995 1118 2046 vel
1156 1996 1408 2063 superiori
1436 2012 1527 2046 suo
1553 1997 1793 2047 omnium
1820 2015 2052 2048 summa-

145 2098 263 2133 rum
287 2081 354 2132 ab
392 2098 454 2132 eo
487 2081 826 2132 collectarum
858 2098 983 2131 cum
1017 2080 1460 2132 determinatione
1493 2082 1726 2133 locorum
1764 2085 1821 2133 in
1859 2084 2053 2151 quibus

147 2171 379 2217 versatus
405 2166 581 2229 fuerit,
598 2170 654 2217 et
678 2183 1016 2234 personarum
1042 2184 1073 2217 a
1098 2168 1290 2235 quibus
1313 2185 1399 2218 eas
1424 2168 1683 2231 habuerit,
1702 2185 1824 2219 cum
1848 2186 2054 2238 expres-

87 2297 94 2303 .
145 2253 291 2303 sione
315 2252 569 2320 temporis
594 2269 719 2303 suae
744 2253 804 2303 in
829 2253 1054 2322 singulis
1079 2253 1208 2304 locis
1233 2254 1565 2304 residentiae.

816 2423 1221 2476 DECRETUM
1273 2425 1374 2476 IX.

447 2548 528 2600 De
563 2546 811 2601 versione
849 2546 1258 2600 canonieawmm
1295 2546 1744 2617 Scripturarum.

292 2668 371 2721 Ut
385 2669 552 2719 versio
568 2672 814 2718 accurata
834 2684 1006 2718 sacrae
1027 2666 1329 2734 Scripturae
1345 2684 1409 2718 ex
1428 2667 1660 2736 Vulgata
1676 2667 1871 2717 Latina
1891 2683 2049 2734 quam

147 2754 381 2821 primum
420 2753 693 2815 habeatur,
731 2753 915 2803 Patres
952 2757 1267 2802 censuerunt
1304 2752 1741 2803 committendam
1780 2770 1888 2802 esse
1925 2751 2050 2800 viris

147 2840 318 2891 doctis
342 2839 409 2890 ab
434 2839 875 2888 Eminentissimo
908 2837 1312 2903 Archiepiscopo
1339 2837 1596 2904 eligendis
1619 2836 1733 2903 ejus
1766 2836 2051 2885 confectio-

147 2941 288 2988 nem,
328 2925 542 2975 servatis
585 2930 768 2973 tamen
810 2922 1007 2990 regulis
1052 2922 1254 2971 Indicis
1297 2922 1470 2988 quoad
1509 2922 1675 2988 operis
1723 2922 2049 2979 revisionen1‚

147 3015 300 3061 notas
323 3010 658 3077 apponendas
682 3026 746 3059 ex
771 3007 865 3059 SS.
893 3008 1142 3059 Patribus
1166 3012 1221 3057 et
1246 3008 1350 3074 piis
1376 3006 1713 3073 scriptoribus
1746 3005 2048 3072 desumptas

148 3100 205 3146 et
227 3095 628 3165 permissionem
653 3099 709 3145 et
733 3094 1171 3162 approbationem
1197 3092 1440 3142 lectionis
1466 3091 1719 3158 ejusdem.

829 3268 1231 3322 DECRETUM
1293 3267 1363 3318 X.

700 3397 783 3451 De
818 3394 1068 3450 absentia
1103 3392 1468 3448 sacerdotum.

291 3526 375 3578 Ad
423 3526 695 3577 clariorem
754 3523 1171 3592 intelligentiam
1233 3521 1427 3571 decreti
1483 3521 1566 3579 14,
1615 3535 1661 3569 c.
1712 3519 1799 3578 25,
1848 3517 2046 3584 primae

148 3611 349 3681 Synodi
408 3610 761 3678 provincialiS,
822 3609 1108 3659 statuimus
1158 3605 1443 3656 sacerdotes
1490 3603 1814 3670 coadjutores
1863 3602 2045 3652 debere.

149 3715 359 3749 monere
395 3697 785 3748 missionarium
822 3696 878 3744 in
916 3692 1133 3744 ecclesia
1169 3688 1515 3757 principalem
1541 3687 1749 3756 quoties
1774 3687 2041 3736 discedant

148 3783 316 3833 etiam
358 3783 426 3833 ad
478 3782 648 3840 diem3
710 3779 986 3844 nullosque
1038 3775 1390 3827 missionarios
1445 3772 1528 3824 vel
1590 3771 1900 3838 principales
1963 3771 2040 3821 vel
