2534 4374
983 478 1229 521 APPRND.
1277 481 1314 522 1.
1968 465 2082 524 111

192 625 339 676 tione
376 623 765 675 Immaculatus
800 623 1037 691 ejusdem
1076 624 1310 694 Virginis
1347 626 1754 693 proclamaretur
1778 628 2094 699 Conceptus,

186 714 348 778 atque
396 709 527 760 adeo
589 709 672 760 lex
733 710 981 760 credendi
1035 711 1150 777 ipsa
1204 711 1537 779 supplicandi
1593 713 1704 783 lege
1759 722 2089 768 statueretur.

184 795 295 846 Nos
331 811 483 862 porro
532 798 806 847 tantorum
855 794 1313 846 Praedecessorum
1351 798 1590 866 vestigiis
1626 798 1950 851 inhaerentes
1988 819 2089 853 nou

186 880 358 931 solum
395 895 531 947 quae
567 879 635 930 ab
669 880 799 947 ipsis
835 880 1165 947 pientissime
1203 880 1689 952 sapientissimeque
1728 886 1936 937 fuerant
1969 904 2092 938 con-

185 965 378 1016 stituta
444 964 800 1032 probavimuS,
860 970 916 1016 et
976 966 1285 1033 recepimus,
1348 983 1527 1018 verum
1599 970 1764 1020 etiam
1839 988 2092 1022 memores

184 1050 545 1102 institutionis
583 1050 724 1102 Sixti
763 1051 861 1114 IV,
899 1051 1169 1119 proprium
1219 1052 1285 1102 de
1336 1051 1687 1105 Immaculata
1738 1054 2090 1124 conceptione

181 1134 418 1187 officium
503 1135 824 1187 auctoritate
909 1135 1103 1187 Nostra
1161 1137 1530 1201 ‘munivimus,
1602 1139 1748 1191 illius
1831 1159 2088 1209 queusum

185 1221 456 1272 universae
493 1220 759 1272 Ecclesiae
796 1220 1087 1271 laetissimo
1124 1237 1330 1288 prorsus
1366 1224 1545 1274 animo
1582 1227 1945 1277 concessimus.

328 1305 591 1367 Quoniam
628 1323 749 1358 vero
797 1322 933 1374 quae
982 1306 1049 1357 ad
1099 1306 1305 1357 cultum
1355 1308 1642 1375 pertinent,
1692 1312 1886 1362 intimo
1935 1312 2089 1380 plane

183 1391 398 1443 vinculo
434 1409 559 1442 cum
595 1391 831 1459 ejusdem
868 1390 1075 1459 objecto
1113 1395 1351 1442 conserta
1376 1397 1517 1455 sunt,
1554 1411 1723 1461 neque
1761 1403 1874 1446 rata
1909 1403 1965 1447 et
1987 1397 2088 1447 fixa

182 1494 394 1529 manere
430 1481 669 1546 possunt,
707 1477 752 1528 si
789 1476 927 1527 illud
963 1493 1154 1545 anceps
1192 1478 1281 1540 sit,
1330 1482 1386 1528 et
1434 1478 1491 1529 in
1540 1480 1793 1547 ambiguo
1843 1488 2091 1540 versetur,

181 1563 377 1615 idcirco
413 1563 717 1614 Decessores
754 1561 938 1613 Nostri
975 1561 1203 1613 Romani
1252 1561 1539 1613 Pontifices
1588 1565 1734 1615 omni
1783 1583 1907 1616 cura
1957 1567 2090 1617 Con-

181 1649 443 1717 ceptionis
505 1648 714 1699 cultum
775 1647 1181 1715 amplificanteS,
1241 1648 1388 1699 illius
1450 1651 1615 1700 etiam
1688 1650 1955 1718 objectum
2028 1669 2087 1702 ac

182 1734 479 1785 doctrinam
529 1732 808 1795 declarare,
857 1736 913 1783 et
961 1733 1241 1797 inculcare,
1303 1735 1693 1801 impensissime
1755 1737 2088 1787 studuerunt.

182 1820 402 1871 Etenim
438 1819 576 1870 clare
613 1822 898 1886 aperteque
935 1818 1174 1882 docuere,
1217 1819 1413 1870 festum
1450 1821 1539 1890 agi
1576 1821 1640 1871 de
1680 1820 1916 1890 Virginis
1957 1821 2090 1873 Con·

182 1907 445 1974 ceptione,
481 1909 643 1973 atque
679 1905 765 1955 uti
801 1903 991 1955 falsam
1025 1908 1083 1955 et
1117 1903 1186 1955 ab
1222 1904 1487 1957 Ecclesiae
1512 1911 1691 1956 mente
1716 1906 2086 1958 alienissimam

181 1992 597 2060 proscripserunt
632 1990 847 2042 illorum
872 1990 1197 2058 opinionem,
1221 1991 1315 2058 qui
1340 2008 1445 2042 non
1473 1989 1882 2058 Conceptionem
1902 1992 2089 2059 ipsam,

181 2078 273 2129 sed
309 2076 787 2129 sanctificationem
824 2076 892 2127 ab
930 2075 1166 2127 Ecclesia
1202 2076 1305 2127 coli
1341 2076 1717 2127 arbitrarentur
1764 2082 1819 2127 et
1866 2076 2092 2127 affirma-

181 2167 316 2215 rent.
390 2162 578 2230 Neque
613 2162 803 2213 mitius
839 2178 962 2213 cum
999 2162 1067 2212 iis
1103 2161 1371 2230 agendum
1408 2178 1516 2212 esse
1566 2161 1954 2225 existimarunt,
1996 2165 2086 2230 qui

181 2253 250 2304 ad
286 2252 710 2304 labefactandam
758 2252 826 2302 de
875 2250 1232 2303 Immaculata
1281 2251 1517 2318 Virginis
1567 2249 1920 2318 Conceptione
1968 2252 2090 2302 doc-

181 2339 397 2401 trinam,
441 2337 743 2404 excogitato
780 2337 922 2387 inter
963 2337 1199 2403 primum
1235 2339 1396 2403 atque
1439 2335 1666 2386 alterum
1718 2335 2089 2403 Conceptionis

181 2425 385 2475 instans
422 2426 478 2474 et
514 2426 848 2473 momentum
886 2421 1210 2483 discrimine,
1246 2420 1559 2483 asserebant,
1597 2420 1843 2471 celebrari
1869 2422 2084 2491 quidem

183 2508 614 2577 conceptionem,
664 2507 753 2558 sed
801 2523 910 2557 non
957 2523 1050 2574 pro
1098 2507 1270 2574 primo
1318 2506 1543 2556 instanti
1591 2511 1752 2573 atque
1800 2513 2085 2557 momento.

182 2596 295 2663 Ipsi
335 2610 567 2661 namque
608 2592 1018 2660 praedecessores
1059 2590 1242 2642 Nostri
1281 2607 1493 2642 suarum
1533 2590 1769 2656 partium
1810 2608 1916 2642 esse
1953 2592 2086 2641 dux-

181 2684 355 2743 erunt,
393 2683 450 2730 et
487 2679 823 2730 beatissimae
846 2677 1083 2746 Virginis
1122 2675 1492 2745 Conceptionis
1529 2677 1741 2738 festum,
1763 2682 1818 2727 et
1856 2675 2089 2744 Concep-

178 2767 383 2821 tionem
405 2782 500 2833 pro
523 2765 697 2832 primo
719 2763 949 2814 instanti
974 2767 1232 2830 tanquam
1256 2779 1439 2813 verum
1458 2762 1634 2812 cultus
1652 2762 1918 2829 objectum
1938 2763 2081 2812 omni

181 2851 359 2903 studio
383 2851 522 2902 tueri
546 2867 608 2900 ac
632 2865 978 2917 propugnare.
1041 2847 1186 2898 Hinc
1211 2847 1499 2898 decretoria
1523 2846 1678 2914 plane
1704 2846 1875 2908 verba,
1893 2847 2083 2913 quibus

178 2936 474 2988 Alexander
521 2934 650 2985 VII.
695 2933 942 2984 Decessor
990 2933 1182 2984 Noster
1230 2933 1484 2983 sinceram
1534 2930 1799 2981 Ecclesiae
1848 2937 2081 2981 mentem

179 3022 485 3084 declaravit,
534 3020 782 3088 inquiens
810 3022 933 3071 :—“
954 3017 1089 3070 Sane
1138 3022 1290 3069 vetus
1337 3022 1418 3068 est
1467 3015 1906 3069 Christifidelium
1962 3033 2082 3080 erga

179 3109 292 3176 ejus
316 3106 682 3158 beatissimam
706 3104 940 3154 Matrem
964 3104 1240 3171 Virginem
1266 3102 1493 3153 Mariam
1523 3103 1693 3168 pietas
1719 3101 2082 3161 sentientium,

179 3194 294 3262 ejus
335 3193 572 3245 animam
613 3191 674 3241 in
712 3190 884 3258 primo
921 3189 1147 3239 instanti
1190 3188 1486 3248 creationiS,
1523 3192 1684 3253 atque
1710 3186 1985 3236 infusionis
2024 3187 2077 3235 in

178 3295 364 3347 corpus
388 3278 550 3329 fuisse
575 3275 792 3344 speciali
825 3274 926 3326 Dei
950 3274 1122 3343 gratia
1147 3277 1203 3324 et
1227 3272 1521 3340 privilegio,
1547 3271 1749 3321 intuitu
1775 3271 2077 3321 meritorum

168 3365 307 3417 ‘Jesu
331 3362 527 3415 Christi
571 3362 683 3430 ejus
726 3360 877 3423 Filii,
916 3359 1137 3410 humani
1182 3358 1384 3427 generis
1411 3355 1792 3422 RedemptoriS,
1816 3371 1848 3404 a
1872 3355 2080 3405 macula

178 3453 385 3522 peccati
426 3451 699 3521 originalis
740 3453 1126 3517 praeservatam
1166 3447 1477 3507 immunem,
1520 3449 1681 3511 atque
1723 3444 1778 3493 in
1804 3443 1900 3493 hoc
1926 3459 2077 3493 sensu

178 3540 290 3607 ejus
330 3536 702 3605 Conceptionis
745 3535 1094 3586 festivitatem
1133 3531 1352 3583 solemni
1396 3530 1505 3580 ritu
1542 3528 1829 3579 colentium
1855 3533 1911 3578 et
1945 3527 2079 3578 cele-

180 3624 452 3676 brantium
478 3620 596 3692 (1).”

268 3807 340 3861 (1).
380 3804 624 3847 Alexander
641 3803 750 3855 VII,
775 3803 905 3845 const.
928 3801 1158 3843 Sollicitudo
1177 3800 1347 3839 omnium
1369 3798 1629 3838 Eooleaeiarum
1649 3798 1673 3837 8
1693 3796 1945 3841 Decembris,
1973 3800 2084 3837 1661.
