2534 4374
797 490 875 532 nn
930 490 1132 533 'nrum
1182 490 1613 534 onnmxrmms
1879 553 1882 557 .
2028 472 2147 532 381

242 636 449 706 judicio
478 640 816 696 censeantur.
909 638 993 690 Ad
1035 640 1334 707 praefatum
1366 640 1570 692 accedit
1609 640 1803 692 titulus
1839 638 2159 700 Ρσηείσηίε,

249 739 387 791 quae
405 740 512 775 non
537 723 695 775 modo
720 723 789 774 ad
815 740 1101 793 congruam
1142 724 1319 776 clerici
1363 725 1673 777 alimoniam
1716 725 1964 787 sufficere,
1989 725 2078 774 sed
2104 733 2158 774 et

250 815 506 876 perpetua
548 826 658 861 esse
698 809 872 860 debet.
964 810 1142 877 Atque
1181 809 1239 860 hi
1278 810 1383 862 duo
1422 811 1575 862 tituli
1615 811 2012 863 extraordinarii
2039 827 2160 859 cen-

250 894 398 944 sendi
423 899 549 945 sunt
572 911 634 946 ac
678 894 849 946 veluti
890 912 955 946 ex
997 895 1390 962 dispensatione
1432 897 1813 959 admittuntur,
1838 897 1881 947 si
1906 895 2158 946 nimirum

254 978 545 1047 Episcopus
586 997 680 1048 pro
723 979 989 1031 Ecclesiae
1030 981 1343 1031 necessitate
1384 985 1480 1032 aut
1522 982 1799 1033 commodo
1823 981 2054 1049 aliquem
2082 981 2160 1030 ita

249 1063 603 1116 ordinandum
627 1082 738 1117 esse
752 1065 1094 1133 judicaverit.
1115 1067 1132 1098 ²

394 1152 504 1205 ΙΙΙ.
555 1153 957 1205 Ecclesiasticus
974 1170 1093 1204 vero
1109 1153 1303 1204 titulus
1319 1153 1378 1203 in
1393 1151 1760 1221 beneficialem
1786 1153 2161 1214 subdividitur,

248 1253 310 1286 ac
326 1237 709 1307 paupertatis,
734 1238 929 1307 quibus
971 1238 1110 1289 aliae
1152 1239 1416 1306 quaedam
1442 1239 1610 1290 veluti
1635 1239 1975 1290 subsidiariae
2001 1242 2160 1304 atque

248 1324 690 1375 extraordinariae
732 1323 932 1392 species
971 1323 1304 1392 adjiciendae
1347 1329 1491 1387 sunt,
1515 1324 1669 1375 tituli
1708 1342 1900 1392 nempe
1938 1321 2160 1373 Mensae

249 1404 601 1473 Communis),
618 1414 782 1478 atque
801 1407 1032 1462 Servitii
1051 1408 1341 1472 Ecclesiae,
1360 1407 1676 1473 Missionis,
1693 1406 2087 1477 Sufficientiae,
2106 1413 2161 1457 et

250 1490 498 1559 Colleyii.
571 1494 671 1546 Est
695 1499 878 1547 autem
902 1495 1100 1546 titulus
1114 1494 1358 1547 beneficii
1376 1494 1468 1562 jus
1493 1499 1810 1563 perpetuum
1836 1492 2158 1562 percipiendi

249 1577 450 1630 fructus
487 1597 551 1631 ex
590 1580 743 1633 bonis
784 1581 1050 1633 Ecclesiae
1091 1585 1307 1650 propter
1338 1579 1574 1632 officium
1613 1580 1828 1648 aliquod
1871 1578 2163 1647 spirituale,

244 1663 600 1716 ecclesiastica
636 1668 955 1719 auctoritate
998 1667 1356 1718 constitutum
1378 1685 1392 1727 ;
1444 1671 1604 1734 atque
1647 1666 1735 1716 hic
1774 1665 2064 1716 ordinarius
2100 1681 2161 1714 ac

248 1751 561 1818 praecipuus
585 1752 783 1804 titulus
803 1770 975 1804 sacrae
1001 1752 1367 1805 Ordinationis
1391 1752 1502 1804 dici
1527 1751 1725 1803 debet?

392 1835 488 1888 IV.
537 1835 904 1908 Paupertatis
944 1855 1065 1890 vero
1106 1838 1302 1890 titulus
1340 1839 1399 1889 in
1437 1838 1683 1908 religiosa
1726 1836 2041 1904 professione
2082 1840 2163 1886 est

247 1921 470 1989 posituS,
488 1923 543 1973 vi
562 1923 645 1991 cuj
652 1941 713 1976 us
732 1924 827 1992 qui
846 1924 1102 1976 solemnia
1117 1928 1241 1976 vota
1257 1924 1315 1975 in
1329 1923 1550 1992 probata
1566 1922 1842 1990 Religione
1857 1923 2163 1983 emiserunt,

250 2005 332 2057 vel
357 2023 422 2058 ex
454 2008 714 2060 reditibus
751 2009 1025 2072 bonorum,
1050 2010 1096 2060 si
1120 2026 1256 2077 quae
1279 2010 1506 2076 ipsamet
1534 2006 1747 2076 Religio
1771 2006 2054 2075 possideat,
2080 2005 2164 2055 vel

248 2109 313 2144 ex
331 2093 436 2161 piis
450 2094 693 2146 fidelium
708 2095 1082 2164 largitionibus
1101 2095 1282 2147 omnia
1300 2096 1604 2146 communia
1622 2094 1838 2157 habent,
1855 2110 2080 2161 quorum
2096 2093 2163 2143 ad

250 2177 421 2230 vitam
445 2179 692 2232 alendam
716 2183 982 2252 indigent.
1057 2181 1229 2243 Quem
1254 2198 1374 2232 vero
1399 2184 1592 2232 vocant
1609 2176 1928 2231 communis
1945 2194 2165 2228 mensae

250 2264 462 2327 titulus,
485 2283 572 2317 eos
596 2267 812 2319 clericos
836 2268 1083 2337 attingit,
1107 2259 1202 2335 qui
1229 2266 1619 2336 Religiosorum
1643 2282 1784 2316 more
1809 2265 1868 2315 in
1892 2264 2164 2315 communi

251 2349 393 2401 vitae
419 2350 704 2419 disciplina
728 2353 978 2422 degentes
997 2357 1093 2404 aut
1111 2352 1261 2403 nulla
1278 2355 1593 2419 nuncupant
1611 2355 1753 2413 vota,
1778 2353 1874 2401 aut
1899 2349 2164 2416 simplicia

251 2439 485 2499 tantum,
510 2437 833 2506 proindeque
859 2456 889 2490 e
913 2438 1071 2489 domo
1095 2437 1342 2507 religiosa
1367 2436 1508 2488 exire
1533 2440 1630 2486 aut
1655 2436 1885 2498 dimitti,
1909 2440 2071 2502 atque
2096 2435 2165 2485 ad

251 2519 522 2572 saeculum
563 2522 733 2574 redire
770 2524 1176 2591 permittuntur.
1268 2521 1454 2590 Neque
1497 2521 1643 2573 enim
1691 2521 1759 2571 ad
1807 2536 1893 2571 eos
1935 2519 2166 2587 pertinet

252 2606 446 2657 titulus
470 2610 821 2676 paupertatiS‚
845 2613 911 2660 ut
935 2626 999 2660 ex
1026 2607 1205 2661 Oonst.
1262 2607 1560 2659 Romanus
1584 2604 1875 2675 Pontifeaess
1904 2605 1957 2658 S.
1986 2606 2073 2656 Pii
2099 2606 2165 2656 V.

252 2691 551 2743 deducitur.
649 2694 847 2744 Verum
895 2711 960 2746 ex
1002 2694 1146 2745 hisce
1191 2692 1407 2745 Clericis
1450 2693 1493 2743 ii
1538 2693 1822 2744 dumtaxat
1870 2693 2168 2743 communis

252 2793 462 2827 mensae
510 2777 676 2829 titulo
723 2780 1017 2847 promoveri
1066 2780 1135 2831 ad
1185 2796 1353 2831 sacros
1402 2779 1611 2831 ordines
1659 2781 1897 2846 possunt,
1942 2794 2166 2844 quorum

255 2861 701 2932 Congregationes
725 2870 823 2916 aut
847 2865 1112 2917 Instituta
1136 2865 1393 2934 peculiari
1429 2865 1498 2916 ad
1523 2865 1581 2916 id
1605 2863 1887 2932 privilegio
1913 2863 1980 2914 ab
2005 2864 2170 2930 Apos—

257 2947 419 2999 tolica
446 2948 581 3000 Sede
605 2956 765 3002 aucta
790 2951 1007 3004 fuerint.

399 3034 466 3086 V.
515 3035 730 3087 Titulus
746 3021 978 3089 Servilii
996 3035 1268 3090 Ecclesiae
1291 3038 1387 3106 qui
1405 3037 1535 3088 olim
1551 3035 1844 3087 ordinarius
1864 3039 1993 3096 erat,
2013 3040 2171 3102 prout

259 3140 415 3192 supra
438 3123 755 3174 adnotatum
782 3124 908 3187 fuit,
931 3127 988 3174 et
1012 3129 1197 3192 postea
1221 3125 1391 3175 evasit
1426 3121 1887 3182 extraordinarius,
1913 3119 1979 3169 iis
2005 3136 2171 3187 quan-

257 3213 430 3278 doque
454 3209 781 3273 conceditur,
804 3210 900 3278 qui
939 3227 1062 3261 cum
1105 3210 1373 3262 Beneficio
1414 3208 1768 3261 ecclesiastico
1811 3205 1896 3256 vel
1920 3205 2171 3272 pensione

259 3299 488 3358 careant,
513 3298 610 3345 aut
633 3296 1033 3363 patrimonialia
1066 3295 1279 3364 aliaque
1317 3295 1455 3346 bona
1493 3310 1599 3345 non
1624 3291 1944 3360 possideant,
1970 3307 2031 3341 ea
2057 3290 2173 3357 lege

257 3382 587 3443 ordinantur,
611 3384 677 3430 ut
700 3380 864 3432 alicui
889 3379 1158 3433 Ecclesiae
1198 3382 1309 3433 sint
1346 3379 1659 3446 mancipati,
1685 3392 1749 3427 ex
1774 3375 1925 3443 cujus
1959 3375 2174 3425 servitio

260 3473 318 3521 et
338 3466 682 3534 eleemosynis
706 3483 739 3516 a
762 3467 867 3534 piis
894 3466 1339 3519 Christifidelibus
1366 3463 1683 3532 elargiendis
1709 3461 2029 3513 substentari
2054 3477 2177 3527 pos-

410 3597 427 3621 ¹
454 3601 562 3639 Cone.
586 3596 623 3635 T
619 3599 698 3638 rid.
722 3600 791 3637 loe.
812 3599 881 3638 cit.
904 3600 948 3638 et
965 3599 1110 3637 Bened.
1132 3598 1257 3637 XIV.
1272 3597 1386 3636 Inst.
1408 3594 1525 3635 Eccl.
1548 3595 1614 3632 26.
1636 3606 1677 3632 n.
1705 3594 1741 3632 1.
1763 3596 1801 3631 et
1820 3592 1859 3632 3.

408 3665 430 3690 ⁸
451 3668 631 3715 Γαρηαη,
650 3664 697 3704 in
716 3664 818 3716 Cap.
841 3667 881 3704 4.
904 3666 950 3704 de
969 3663 1183 3704 praebend.
1215 3677 1257 3703 n.
1282 3666 1348 3704 24.

410 3731 430 3756 ⁸
449 3733 560 3772 Pred.
583 3730 649 3771 Id.
676 3730 800 3771 Octob.
826 3731 945 3770 1568.
