2534 4374
910 555 1154 599 APPEND.
1184 558 1311 602 vm.
1997 549 2078 610 59

325 704 604 759 Caeterum
663 706 1190 761 animadvertendum
1239 728 1302 763 ac
1350 712 1722 769 declarandum
1771 722 1977 772 censuit
2027 721 2079 772 S.

177 790 549 861 congregatim
591 790 674 844 his
722 794 967 846 omnibus
1016 796 1276 848 contineri
1326 802 1698 853 tantummodo
1746 806 2081 857 commenda-

178 877 402 940 tionem,
426 878 575 942 ade0,
599 883 681 942 ut,
705 879 917 947 quando
941 883 1289 934 necessarium
1317 884 1399 936 vel
1435 893 1792 955 opportunum
1824 892 2081 955 videatur,

74 961 80 967 '
175 962 482 1030 Apostolica
507 962 667 1016 Sedes
704 981 798 1016 suo
837 969 1021 1018 utetur
1053 966 1174 1036 jure
1207 968 1435 1022 alterum
1460 988 1689 1042 quoque,
1714 981 1917 1043 praeter
1942 994 2084 1029 com-

178 1048 473 1113 mendatos,
496 1049 744 1119 eligendi.

323 1133 459 1186 Cum
485 1152 604 1187 vero
628 1135 758 1188 haec
794 1138 973 1189 omnia
1010 1137 1355 1194 Sanctissimo
1391 1142 1456 1195 D.
1485 1143 1554 1196 N.
1581 1144 1682 1197 Pio
1708 1146 1882 1216 Papae
1909 1148 1991 1199 IX
2015 1149 2084 1199 ab

176 1219 510 1288 infrascripto
572 1219 626 1272 S.
689 1218 1126 1291 Congregationis
1190 1228 1462 1280 secretario
1527 1230 1692 1282 relata
1759 1233 1954 1285 fuerint
2027 1235 2082 1285 in

174 1305 453 1357 audientia
477 1306 586 1357 diei
613 1306 646 1357 6
672 1306 908 1374 ejusdem
945 1310 1139 1361 mensis
1168 1315 1224 1361 et
1259 1314 1406 1376 anni,
1431 1311 1698 1367 Sanctitas
1724 1316 1832 1368 Sua
1855 1318 2083 1388 benigne

177 1391 364 1442 eadem
412 1390 654 1458 probavit
701 1407 762 1441 ac
806 1394 994 1444 servari
1043 1394 1293 1461 decrevit,
1340 1400 1615 1452 contrariis
1663 1402 2082 1473 quibuscumque

178 1475 322 1527 haud
347 1475 697 1528 obstantibus.

320 1559 541 1624 Datum,
566 1564 688 1625 etc.,
710 1562 777 1612 21
807 1560 1024 1631 Aprilis,
1052 1565 1208 1618 1852.

1224 1651 1309 1704 Al.
1349 1651 1633 1720 ΒΑΒΝΔΒὸ,
1669 1654 2025 1712 Βωνετανὺιιε.

1050 2212 1210 2266 VIII.

260 2361 360 2414 DE
407 2360 865 2415 RECTORIBUS
913 2362 1418 2418 MISSIONARIIS
1468 2366 1548 2418 IN
1553 2365 2001 2425 STITUENDIS.

682 2527 806 2568 DEc.
842 2527 888 2567 S.
924 2527 1086 2568 GONG.
1122 2528 1200 2568 DE
1234 2529 1389 2569 PROP.
1426 2531 1575 2572 FIDE.

318 2689 474 2741 Licet
499 2672 581 2739 *in
627 2687 939 2756 episcopalis
976 2686 1314 2739 Hierarchiae
1349 2689 1689 2742 restitutione
1724 2709 1816 2760 per
1851 2693 2073 2763 Angliae

173 2792 414 2845 regnum,
461 2773 756 2825 communis
804 2771 1147 2823 ecclesiastici
1195 2771 1335 2839 juris
1395 2773 1725 2827 observantia
1784 2780 2073 2847 generatim

174 2861 494 2930 praescripta
528 2859 707 2921 fuerit,
746 2861 986 2909 attamen
1024 2857 1357 2925 exploratum
1400 2863 1498 2922 est,
1537 2877 1660 2911 cum
1699 2866 2072 2933 praerequisita

174 2946 460 2998 necessaria
482 2943 752 2995 nonnullis
776 2944 834 2994 in
858 2943 1125 3011 capitibus
1150 2943 1341 3006 desint,
1367 2945 1541 3011 quoad
1567 2945 1712 3008 haec,
1736 2948 1914 3014 perfici
1941 2949 2073 3000 illud

175 3032 362 3084 statim
384 3030 527 3081 haud
550 3046 730 3098 posse3
758 3028 889 3080 adeo
913 3032 976 3079 ut
1001 3032 1172 3080 status
1196 3030 1460 3081 missionis
1484 3030 1664 3098 aliqua
1689 3049 1752 3082 ex
1776 3038 1926 3100 parte
1951 3052 2072 3085 cum

173 3118 514 3169 institutione
538 3115 858 3167 dioecesium
883 3114 955 3166 sit
977 3115 1387 3182 componenduS,
1412 3121 1571 3182 prout
1594 3117 1652 3166 in
1679 3116 1798 3167 aliis
1835 3118 2072 3184 pluribus

174 3202 354 3254 evenit
400 3202 583 3263 donec,
631 3200 742 3251 Deo
791 3199 1020 3262 favente,
1067 3199 1448 3250 ecclesiasticae
1498 3216 1801 3251 communes
1861 3204 2070 3271 regulae

136 3262 154 3278 ⁹
174 3288 477 3356 plenissime
525 3285 783 3337 observari
837 3285 1065 3335 valeant.
1140 3284 1500 3352 Hujusmondi
1562 3286 1795 3351 profecto
1854 3304 1915 3336 ea
1962 3305 2069 3339 esse

173 3371 408 3425 noscitur
430 3389 549 3440 pars
573 3371 814 3422 canonici
840 3370 978 3438 juris
1020 3387 1153 3438 quae
1178 3370 1393 3437 respicit
1426 3370 1494 3420 ad
1531 3371 1884 3437 paroeciarum
1916 3372 2069 3423 insti-

173 3459 463 3510 tutionem:
483 3456 607 3507 hinc
623 3456 826 3506 factum
842 3459 1011 3517 est‚ut
1032 3455 1498 3505 Eminentissimus
1512 3471 1573 3505 ac
1590 3454 2067 3509 Reverendissimus

169 3541 432 3594 Dominus
457 3541 709 3593 Nicolaus
732 3540 1002 3592 Wiseman
1026 3540 1459 3608 Archiepiscopus
1494 3539 2064 3593 westmonasteriensis

170 3644 233 3678 ac
258 3627 371 3678 ΕΒ.
397 3627 506 3678 ΡΡ.
531 3625 649 3678 DD.
675 3626 925 3693 Episcopi
950 3625 1174 3694 Angliae
1198 3641 1332 3692 quae
1357 3629 1647 3692 sequuntur
1672 3623 1897 3676 Sanctae
1940 3626 2062 3677 Sedi

169 3713 507 3781 approbanda
531 3712 862 3780 subjecerint.

314 3797 383 3848 In
418 3796 640 3866 singulis
681 3795 1005 3846 dioecesibus
1042 3795 1359 3845 auctoritate
1395 3793 1662 3862 Episcopi,
1711 3799 1948 3847 attamen
1996 3797 2062 3847 de
