2534 4374
897 413 1055 455 onno
1105 414 1408 458 SCRUTINII.
1973 394 2096 460 387

199 565 235 592 “
250 561 445 614 adesse.
518 560 832 612 Procurator
856 567 937 611 est
960 561 1325 612 admittendus
1359 561 1639 611 dumtaxat
1663 558 1731 609 ad
1758 562 1863 610 tres
1889 558 2105 609 schedas

199 650 234 676 ⁶⁶
251 647 545 711 tradendaS,
570 648 903 698 continentes
928 647 1146 697 nomina
1171 650 1227 698 et
1252 647 1590 715 praenomina
1633 644 2077 714 deligendorum.”

199 731 315 803 (pp.
347 734 430 796 ιο,
455 733 544 797 45,
571 733 685 802 58.)

340 836 435 888 VI.
485 841 519 868 ‘⁶
537 835 802 905 Suffragia
821 835 849 858 ''

452 922 505 972 10
552 926 586 952 ⁶‘
604 921 670 972 In
696 921 904 989 scriptis
929 921 1215 984 dabuntur,
1240 921 1388 973 nulla
1414 923 1734 973 discussione
1760 920 2103 990 praecedente

302 1009 412 1060 “in
436 1015 699 1060 conventu
724 1007 1056 1076 capitulari.''
1106 1007 1185 1076 (p.
1211 1009 1329 1077 45.)

446 1094 503 1145 2⁰
550 1099 583 1126 ⁶⁶
601 1095 691 1146 Ita
731 1093 979 1163 plicanda
1003 1098 1146 1157 sunt,
1171 1097 1237 1144 ut
1274 1110 1378 1145 non
1400 1094 1504 1145 nisi
1529 1111 1719 1146 nomen
1741 1089 2103 1163 proponendi

303 1180 461 1251 “legi
486 1179 700 1249 possit.’'
749 1179 829 1248 (p.
855 1177 972 1249 45.)

448 1267 503 1316 3·
552 1271 584 1297 ⁶⁶
600 1266 810 1318 Nomen
845 1262 1222 1335 proponentis
1265 1266 1486 1316 interius
1530 1266 1802 1327 scribatur,
1828 1270 1882 1316 et
1920 1262 2104 1316 suffra·
2127 1286 2128 1289 ¹

302 1354 502 1422 “gium
528 1354 600 1405 sit
623 1354 756 1405 bene
780 1353 1020 1404 clausum
1046 1351 1222 1421 sigillo
1248 1368 1354 1402 non
1380 1352 1553 1402 noto.’‘
1605 1351 1682 1421 (p.
1710 1349 1825 1419 45.)

444 1438 503 1490 40
553 1443 586 1469 ⁶⁶
603 1437 785 1508 Stylus
829 1437 1130 1505 scriptionis
1179 1438 1251 1488 sit
1299 1438 1531 1488 diversus
1580 1437 1648 1487 ab
1689 1454 1750 1487 eo
1789 1452 1893 1502 quo
1933 1434 2103 1485 utitur

300 1530 335 1556 ‘⁶
351 1525 611 1577 ordinarie
636 1526 681 1576 is
705 1524 799 1593 qui
826 1523 1138 1592 suffragium
1163 1522 1317 1574 fert.”
1364 1522 1443 1591 (p.
1470 1521 1585 1592 45.)

335 1632 464 1683 VII.
516 1636 548 1662 ⁶⁶
570 1630 834 1700 Suffragia
931 1667 946 1681 .
1046 1670 1058 1681 .
1161 1667 1174 1680 .
1274 1666 1290 1682 .
1387 1646 1420 1679 a
1444 1629 1614 1679 tribus
1646 1628 2021 1679 scrutatoribus
2047 1629 2099 1677 iu

193 1720 402 1770 “initio
423 1718 662 1769 sessionis
687 1716 870 1767 electis
896 1713 1276 1782 excipientur.”
1301 1713 1380 1782 (p.
1407 1714 1518 1783 45.)

442 1803 558 1873 Ego
582 1802 651 1854 N.
680 1800 973 1854 Canonicus
991 1800 1060 1852 N.
1087 1801 1333 1868 sponde0‚
1353 1816 1514 1850 voveo
1540 1803 1595 1850 et
1610 1799 1735 1868 juro
1760 1816 1846 1850 me
1871 1797 2099 1850 officium

297 1890 601 1940 scrutatoris
627 1887 856 1938 fideliter
881 1885 1215 1954 expleturum
1237 1904 1252 1948 3
1303 1887 1378 1937 sic
1403 1903 1490 1937 me
1515 1885 1675 1948 DeUS,
1702 1889 1803 1935 etc.

333 1998 491 2049 VIII.
543 2002 575 2028 ⁶⁶
592 1997 783 2048 Tribus
831 1996 1037 2047 vicibus
1087 1994 1338 2064 suffragia
1387 1994 1621 2045 ferantur
1677 1993 1815 2044 circa
1863 2009 2103 2060 personas

190 2091 222 2116 ⁶⁶
240 2085 466 2136 Sanctae
491 2084 616 2136 Sedi
642 2083 812 2134 veluti
844 2082 1110 2152 digniores
1135 2078 1627 2132 commendandaS.’'
1677 2079 1756 2146 (p.
1784 2080 1899 2146 58.)

333 2195 436 2246 IX.
486 2199 520 2225 ‘⁶
537 2195 605 2245 In
629 2194 801 2261 primo
827 2191 1095 2262 suffragi0‚
1122 2190 1323 2260 singuli
1363 2191 1696 2242 adnotabunt
1739 2207 1931 2244 nomen
1956 2189 2102 2239 illius

190 2287 222 2311 ⁶⁶
239 2298 485 2348 personae
501 2278 898 2341 ecclesiasticae,
914 2295 1076 2346 quam
1092 2277 1160 2327 ad
1180 2277 1356 2327 sedem
1371 2279 1649 2327 vacantem
1669 2277 1840 2343 magis
1859 2276 2102 2326 idoneam

187 2372 222 2397 “
232 2367 610 2435 judicaverint.
661 2365 739 2433 (p.
765 2363 881 2434 45.)
973 2368 1006 2394 ⁶⁶
1025 2362 1174 2424 Quod
1218 2364 1262 2413 si
1305 2363 1363 2413 in
1405 2362 1577 2429 primo
1620 2362 1892 2423 scrutini0‚
1925 2360 2103 2411 nullus

188 2457 222 2481 ⁶⁶
240 2452 402 2502 fuerit
427 2457 692 2502 assecutus
717 2449 987 2518 ‘majorem
1010 2465 1338 2511 numerum,
1356 2449 1553 2498 iterum
1573 2447 1823 2516 suffragia
1850 2448 2100 2510 ferantur,

187 2542 222 2568 ⁶⁶
239 2555 403 2605 usque
430 2538 559 2588 dum
584 2554 722 2587 unus
747 2536 909 2586 fuerit
933 2535 1091 2585 illum
1116 2533 1435 2586 assecutus.”
1490 2532 1564 2602 (p.
1590 2533 1702 2602 46.)

329 2652 398 2703 X.
452 2655 485 2681 ⁶⁶
502 2650 619 2702 Hac
668 2651 872 2701 ratione
920 2649 1308 2717 procedendum
1368 2648 1487 2712 erit,
1549 2647 1617 2698 ad
1677 2647 2100 2716 designationem

187 2743 221 2768 ⁶⁶
238 2738 455 2788 alterius
480 2741 535 2788 et
559 2736 708 2787 tertii
734 2735 1026 2786 candidati.
1076 2734 1156 2804 (p.
1182 2734 1300 2803 46.)
1374 2738 1408 2764 ‘⁶
1426 2733 1485 2785 Si
1509 2735 1568 2784 in
1612 2733 1789 2801 ali'qua
1832 2750 1895 2783 ex
1932 2733 2102 2783 tribus

187 2828 220 2853 ‘⁶
238 2823 457 2886 vicibuS‚
482 2823 540 2873 in
589 2823 819 2873 favorem
861 2821 1062 2872 nullius
1086 2821 1267 2872 adsint
1310 2819 1560 2888 suffragia
1603 2823 1686 2869 tot
1723 2836 1943 2869 numero
1966 2836 2102 2885 quae

187 2913 220 2938 ‘⁶
238 2909 495 2959 excedant
542 2908 796 2975 majorem
844 2911 1052 2975 partem
1101 2923 1311 2969 vocum,
1375 2909 1527 2956 actus
1592 2904 1794 2956 nullius
1842 2905 2099 2955 momenti

186 2997 222 3024 ‘⁶
238 2994 451 3056 existat,
475 2999 638 3061 atque
661 2994 859 3044 iterum
885 2992 1135 3061 suffragia
1159 2989 1442 3042 ferantur.’'
1491 2988 1570 3059 (p.
1597 2988 1713 3059 58.)

329 3105 430 3156 XI.
480 3109 515 3135 ⁶⁶
530 3104 612 3155 Ex
631 3103 1021 3172 comparatione
1041 3100 1426 3169 suffragiorum,
1443 3099 1639 3150 scietur
1654 3099 1697 3149 si
1723 3099 1842 3166 quis
1855 3097 2100 3148 habuerit

186 3198 220 3224 ⁶·
238 3193 464 3244 totidem
489 3190 739 3259 suffragia
778 3188 881 3240 sibi
924 3186 1251 3248 favorabilia,
1276 3190 1409 3253 quot
1450 3185 1711 3236 excedunt
1754 3183 2098 3234 medietatem

187 3283 222 3309 ⁶⁶
238 3277 621 3347 suffragiorum,
647 3280 761 3326 tam
805 3274 1162 3342 praesentium
1206 3289 1368 3340 quam
1393 3271 1696 3322 absentium
1740 3285 1833 3336 per
1856 3285 2099 3335 procura-

185 3371 222 3399 ‘⁶
237 3372 372 3418 tores
395 3368 890 3434 representatorum‚
913 3379 1021 3413 non
1040 3379 1161 3413 vero
1180 3362 1480 3413 absentium
1500 3361 1695 3427 absque
1719 3357 2105 3426 procuratore.”

192 3452 266 3522 (p.
292 3451 407 3520 45.)

330 3563 463 3614 XII.
513 3561 859 3613 “Publicatis
907 3564 1029 3628 post
1077 3559 1356 3627 quodlibet
1405 3557 1722 3609 scrutinium
1771 3555 2105 3618 nominibu8‚

187 3654 222 3680 ⁶⁶
239 3649 612 3700 comburantur
638 3648 752 3715 ipsa
778 3643 1077 3714 suffragia.”
1130 3643 1208 3714 (p.
1235 3642 1351 3713 45.)
