2534 4374
956 459 1237 502 naemu-A.
1921 444 1991 502 21
2008 447 2042 509 7

143 608 253 660 illis
267 608 458 676 quibus
474 605 853 673 discipulorum
871 606 1145 657 institutio
1162 607 1530 670 demandatur,
1548 608 1685 658 inter
1700 608 2053 657 seminaris-tas

145 694 313 743 vitam
339 708 674 743 communem
701 692 880 753 ducat,
897 707 1086 757 eosque
1113 690 1267 741 verbo
1291 697 1345 741 et
1371 692 1612 760 exemplo
1639 693 1883 754 instruat,
1898 695 2055 743 corri-

131 783 255 849 gat,
281 782 337 828 et
366 777 678 828 consoletur.
753 776 924 836 Quam
951 776 1183 826 maxime
1208 777 1439 827 conferet
1464 778 1530 827 ad
1558 777 1752 827 bonum
1781 778 2055 844 spirituale

130 863 498 925 alumnorum,
524 862 567 912 si
612 862 905 929 praefectus
949 861 1239 929 spiritualis
1282 862 1338 912 in
1380 862 1675 912 Seminario
1700 863 1768 912 ab
1795 863 2054 930 Episcopo

144 949 519 999 constituatur.

292 1033 506 1100 Semper
529 1032 588 1083 in
613 1032 868 1082 memoria
892 1033 1156 1082 retineant
1182 1034 1466 1100 superiores
1505 1034 1774 1100 proprium
1813 1039 1869 1083 et
1909 1051 2058 1101 prae-

134 1120 367 1188 cipuum
393 1118 672 1170 Seminarii
698 1116 860 1167 finem
886 1134 995 1168 esse
1020 1122 1084 1167 ut
1107 1116 1312 1167 alumni
1347 1118 1557 1168 discant
1596 1118 1691 1168 soli
1734 1118 1845 1168 Deo
1884 1120 2056 1168 vivore

146 1207 204 1257 in
230 1203 454 1256 Christo.
530 1203 721 1270 Itaque
748 1203 965 1271 spiritus
984 1202 1111 1253 Jesu
1136 1203 1329 1252 intime
1354 1203 1589 1253 animam
1616 1203 1791 1254 clerici
1819 1211 2058 1271 penetret

138 1295 203 1343 <et
225 1290 479 1354 vivificet,
504 1292 568 1340 ut
606 1305 722 1340 vere
762 1288 930 1356 possit
970 1288 1142 1338 dicere
1186 1287 1242 1338 id
1282 1289 1422 1355 quod
1468 1288 1666 1338 Paulus
1705 1290 1771 1339 ‹le
1815 1307 1868 1339 se
1913 1307 2058 1356 prac-

147 1376 394 1428 dicabat:
447 1372 598 1426 Mihi
633 1371 809 1426 vivere
837 1371 1092 1425 Christus
1133 1377 1209 1424 cst
1229 1373 1272 1423 :¹
1315 1378 1372 1423 et
1413 1374 1560 1436 alibi,
1601 1372 1748 1435 Vivo,
1777 1373 1905 1441 jam
1941 1391 2058 1423 uon

134 1478 279 1531 »6903
328 1459 468 1513 vivit
508 1478 633 1513 vero
675 1458 745 1511 in
786 1476 874 1511 ‘me
919 1457 1216 1511 Christu8.²
1299 1460 1445 1510 Haec
1489 1460 1561 1509 sit
1605 1460 1717 1526 ejus
1762 1477 1893 1526 spes,
1935 1461 2059 1509 hacc

149 1549 447 1611 medita-tm,
471 1548 571 1599 hoc
607 1548 923 1616 primarium
963 1547 1295 1609 exercitium,
1321 1546 1489 1595 vitam
1528 1545 1702 1594 vivere
1743 1543 1934 1595 Christi
1982 1545 2061 1593 in-

149 1635 329 1697 teriuS,
353 1651 489 1702 quae
527 1638 707 1684 tamen
748 1633 979 1683 exterius
1020 1631 1261 1694 scientia,
1298 1632 1578 1699 gravitate,
1614 1630 1909 1679 animarum
1953 1630 2061 1678 zelo

149 1725 206 1772 et
228 1720 433 1788 pietate
458 1719 843 1770 manifestetur.

295 1822 346 1870 8.
395 1818 617 1886 Saepius
657 1818 991 1869 considerent
1031 1822 1354 1885 quantopere
1398 1817 1470 1867 sit
1513 1815 1863 1883 periculosum
1905 1814 2057 1864 simul

135 1911 207 1957 -et
230 1906 561 1967 dedecorum,
586 1904 743 1955 illum
770 1902 966 1955 Christi
990 1903 1221 1973 gratiam
1251 1902 1371 1953 aliis
1414 1902 1717 1952 ministrare
1755 1900 1848 1967 qui
1893 1900 2064 1968 gratia

151 1990 350 2043 Christi
374 1990 647 2059 praeditus
671 2006 794 2058 prae
819 1989 941 2040 aliis
965 2006 1072 2040 non
1097 1993 1428 2058 agnoscatur.

295 2076 437 2144 Erga
461 2076 498 2128 J
498 2092 665 2139 esum,
691 2075 1021 2126 sacerdotum
1045 2074 1339 2125 Dominum
1365 2076 1422 2124 et
1445 2072 1786 2141 Magistrum,
1811 2072 1869 2121 in
1906 2071 2066 2121 Sanc-

151 2164 389 2215 tissimae
409 2162 774 2213 Eucharistiae
800 2164 1145 2223 sacramento,
1163 2161 1222 2210 in
1246 2159 1424 2210 medio
1443 2157 1826 2225 discipulorum
1853 2172 2062 2206 suorum

150 2249 517 2301 amantissime
550 2264 754 2315 semper
791 2250 1210 2315 permanentem,
1235 2245 1544 2296 tenerrimos
1578 2248 1634 2294 et
1672 2242 2066 2294 ardentissimos

153 2334 371 2403 pietatis
394 2332 618 2384 affectus
641 2331 886 2384 excolant
920 2335 977 2383 et
1008 2331 1227 2383 foveant
1263 2330 1641 2381 seminaristae.
1717 2328 2065 2378 Meminerint

154 2422 213 2472 in
251 2421 345 2472 illo
383 2420 575 2471 amoris
612 2420 864 2487 mysterio
888 2418 1183 2485 repositum
1209 2417 1418 2467 futurae
1444 2432 1623 2466 eorum
1651 2414 1881 2464 militiae
1907 2413 2066 2462 viati-

137 2524 299 2570 ·cum,
320 2505 488 2573 ipsius
511 2506 656 2556 vitae
681 2503 975 2572 spiritualis
1001 2503 1340 2564 alimentum,
1364 2502 1424 2551 in
1459 2499 1638 2550 arduis
1677 2498 2067 2556 fortitudinem,

155 2594 214 2644 in
238 2591 501 2661 angustiis
526 2590 796 2653 solatium,
819 2589 878 2640 in
903 2605 1146 2657 suprema
1169 2588 1355 2638 mortis
1395 2587 1521 2637 hora
1561 2589 1823 2635 tutamen.
1900 2582 2067 2643 Quare

155 2679 266 2747 jam
290 2677 359 2728 ab
381 2677 496 2745 ipso
520 2676 784 2744 principio
803 2675 984 2727 omnia
1002 2675 1070 2726 ad
1086 2674 1120 2726 J
1123 2691 1272 2726 esum
1296 2673 1354 2723 in
1375 2672 1714 2724 Sacramento
1729 2668 1926 2719 Altaris
1944 2668 2068 2718 ado-

156 2764 400 2826 randum,
423 2767 698 2830 tamquam
722 2762 1022 2812 animarum
1047 2760 1340 2822 Pastorem,
1364 2759 1621 2817 referant3
1671 2760 1726 2807 et
1756 2755 1824 2806 ab
1850 2754 2069 2814 Eodem,

157 2855 435 2917 tamquam
459 2850 629 2901 totius
653 2847 1089 2900 sanctificationis
1115 2847 1279 2909 fonte,
1304 2844 1484 2897 omnia
1509 2841 1819 2910 suppliciter
1861 2844 2065 2906 petant.

160 2936 233 2986 Et
271 2935 524 3003 quoniam
566 2935 634 2986 iis
669 2935 763 3002 qui
795 2934 996 2985 mundo
1034 2936 1159 2984 sunt
1184 2932 1337 2983 corde
1361 2930 1607 2999 promisit
1630 2926 1891 2977 Dominus
1915 2924 1949 2974 J
1953 2941 2069 2974 esus

158 3024 416 3076 visionem
457 3022 576 3087 Dei,
616 3023 859 3074 excolant
901 3038 1100 3084 omnes,
1143 3020 1238 3088 qui
1281 3020 1339 3070 in
1378 3020 1550 3087 primo
1598 3017 1666 3067 ad
1716 3013 2066 3066 sacerdotium

159 3110 331 3161 stadio
366 3109 650 3160 constituti
687 3112 829 3171 sunt,
866 3108 1093 3175 corporis
1134 3111 1190 3157 et
1233 3105 1442 3156 animae
1485 3103 1775 3171 puritatem
1814 3099 1882 3149 ab
1921 3098 2063 3148 omni

160 3198 530 3265 impudicitiae
553 3197 740 3248 umbra
764 3197 1090 3257 immunem3
1138 3199 1211 3259 et,
1235 3198 1302 3245 ut
1324 3194 1393 3244 ad
1417 3209 1536 3243 eam
1559 3189 1881 3241 munditiem
1907 3187 2069 3237 citius

159 3288 218 3335 et
241 3283 468 3334 securius
503 3284 832 3350 perveniant,
856 3282 1003 3334 omni
1026 3280 1180 3332 filiali
1206 3297 1381 3331 amore
1405 3283 1462 3330 et
1485 3276 1767 3328 tenerrima
1792 3273 2068 3324 devotione

161 3369 572 3420 Immaculatam
611 3367 842 3419 Matrem
880 3373 1134 3430 nostram,
1158 3366 1446 3433 Virginum
1472 3363 1753 3432 Reginam,
1778 3359 1877 3409 Dei
1903 3358 2069 3409 Geni-

160 3459 350 3509 tricem
397 3457 644 3520 Mariam,
692 3460 948 3526 perpetuo
997 3455 1176 3507 colant
1224 3457 1282 3504 et
1330 3452 1625 3503 imitentur.
1718 3446 2067 3498 Devotionem

921 3612 940 3640 ³
958 3610 1147 3663 Philipp.
1169 3610 1201 3651 i.
1224 3611 1290 3650 21.

924 3678 945 3706 ²
961 3677 1058 3718 Gal.
1078 3677 1126 3718 ii.
1149 3680 1214 3717 20.
