2534 4374
1005 464 1279 509 naculum.
1971 453 2093 513 163

345 611 451 675 Sic,
490 611 635 663 verbi
676 611 868 680 gratia,
907 612 1087 664 omnia
1125 618 1250 666 ante
1292 631 1484 683 paucos
1521 631 1683 667 annos
1726 615 1809 666 vel
1847 632 1880 666 a
1916 617 2103 667 funda-

199 699 394 751 mentis
419 700 718 749 constructa
758 697 992 760 fuerunt,
1017 697 1100 748 vel
1138 699 1218 749 ita
1241 701 1567 767 amplificata
1596 707 1659 753 ut
1692 701 1800 753 fere
1823 718 1957 751 nova
1993 702 2097 753 dici

200 784 418 854 possint.
507 782 680 849 Apud·
716 782 943 851 singula,
995 782 1231 834 Ecclesia
1280 786 1406 835 satis
1449 785 1628 852 ampla
1677 786 1954 836 aedificata
2003 792 2099 847 est,

199 886 341 923 sacro
385 867 750 936 suppellectile
788 868 868 918 ita
910 867 1185 932 instructa,
1210 873 1274 920 ut
1318 869 1688 922 Ecclesiastica
1730 870 1902 921 officia
1940 871 1997 921 in
2039 888 2100 921 ea

200 956 360 1024 digne
385 970 446 1004 ac
471 953 655 1004 decore
678 955 1014 1021 peragantur.

342 1037 701 1090 Bibliothecae
744 1038 1020 1105 spatiosae,
1044 1038 1264 1105 optimis
1290 1039 1436 1091 libris
1478 1040 1715 1102 refertae,
1739 1039 1969 1090 maxime
2004 1041 2098 1107 qui

199 1128 266 1179 de
307 1124 619 1193 theologicis
662 1123 957 1190 disciplinis
1000 1127 1250 1188 tractant,
1289 1126 1457 1176 veluti
1503 1125 1595 1177 SS.
1640 1126 1862 1177 Patrum
1888 1126 2098 1194 scripta,

200 1208 451 1270 Concilia,
494 1209 550 1257 et
586 1206 645 1256 in
687 1203 742 1256 S.
769 1203 1097 1272 Scripturam
1136 1208 1530 1270 commentaria,
1572 1208 1630 1257 in
1667 1208 1868 1259 duobus
1911 1208 2097 1259 saltem

199 1298 325 1351 sunt
361 1295 708 1360 comparatae.

340 1377 716 1430 Aedificiorum
754 1375 917 1427 moles
953 1392 1060 1428 non
1099 1376 1269 1427 solum
1294 1378 1552 1429 immenso
1579 1382 1867 1441 creverunt,
1893 1379 1979 1429 sed
2006 1396 2098 1429 sua

198 1462 596 1534 pulchritudine
634 1465 689 1512 et
722 1461 930 1512 decenti
972 1466 1160 1511 ornatu
1204 1462 1380 1513 oculos
1417 1463 1650 1529 ipsorum
1690 1464 2095 1514 acatholicorum

201 1551 414 1612 feriunt,
459 1552 516 1599 et
557 1546 626 1598 ad
668 1546 1072 1597 admirationem
1113 1546 1347 1597 trahunt.
1421 1547 1601 1598 Multa
1643 1550 1808 1598 etiam
1849 1565 1983 1615 quae
2030 1550 2097 1599 ad

196 1636 451 1687 bonarum
476 1632 673 1682 art-ium
713 1630 950 1681 studium
995 1631 1290 1694 conferunt,
1323 1636 1607 1699 apparatus
1647 1633 1714 1683 ad
1758 1633 2097 1683 scientiarum

197 1720 532 1789 physicarum
569 1716 794 1779 cultum,
818 1719 875 1767 et
898 1732 1034 1783 quae
1063 1720 1300 1767 mentem
1325 1717 1393 1767 ad
1429 1716 1620 1781 Deum,
1647 1718 2097 1787 cogitationesque

199 1808 422 1867 sanctaS,
456 1804 595 1853 inter
633 1806 862 1852 terrenas
902 1802 1290 1870 occupationeS,
1327 1807 1546 1869 possunt
1571 1803 1726 1853 facile
1750 1820 2003 1866 revocare,
2038 1821 2099 1854 ea

198 1891 377 1942 omnia
401 1888 610 1940 abunde
636 1892 761 1939 sunt
784 1888 1007 1955 provisa.

340 1975 487 2026 Haec
524 1973 741 2042 quidem
783 1972 964 2024 omnia
1006 1974 1261 2024 exteriora
1303 1990 1365 2024 ac
1403 1973 1574 2024 veluti
1613 1974 1910 2025 materialia
1946 1975 2100 2026 dum-

199 2066 350 2114 taxat
374 2061 656 2129 attingunt
681 2079 695 2120 ;
732 2060 801 2110 ad
826 2059 1062 2128 graviora
1085 2075 1208 2127 ergo
1241 2076 1537 2128 pergamus,

227 2205 229 2207 ,
340 2146 417 2197 ΙΙ.
462 2146 527 2196 111
563 2146 677 2213 ipso
717 2144 906 2195 limine
944 2161 1169 2212 pronum
1209 2148 1290 2195 est
1322 2144 1605 2208 observare,
1630 2144 1690 2194 in
1715 2146 1959 2196 omnibus
1983 2146 2101 2197 istis

198 2230 447 2300 Collegiis
471 2230 629 2282 simul
666 2247 886 2281 crescere
924 2246 986 2280 ac
1027 2230 1241 2280 institui
1258 2230 1481 2298 juvenes
1505 2231 1598 2298 qui
1622 2230 1799 2281 laicali
1825 2232 2009 2295 statui,
2046 2238 2098 2282 et

196 2319 292 2386 qui
316 2317 546 2368 clericali
572 2316 935 2367 destinantur.'
997 2315 1120 2366 Non
1144 2316 1362 2384 quidem
1399 2316 1609 2383 aequali
1633 2317 1968 2384 proportione
2004 2317 2101 2367 hoc

197 2404 255 2454 in
279 2403 523 2454 omnibus
553 2402 794 2453 occurrit.
869 2399 1166 2470 Collegium
1194 2400 1247 2453 S.
1286 2402 1489 2452 Mariae
1526 2402 1778 2470 majorem
1820 2419 2099 2454 numerum

200 2490 452 2540 laicorum
477 2504 638 2556 quam
663 2487 968 2538 clericorum
993 2488 1053 2538 in
1095 2504 1150 2538 se
1191 2487 1396 2538 nutrit:
1438 2487 1497 2538 in
1539 2486 1591 2539 S.
1638 2486 1918 2539 Cuthberti
1946 2489 2100 2539 domo

197 2575 293 2626 isti
316 2574 436 2625 illos
460 2573 615 2641 longe
641 2576 923 2641 superant:
961 2572 1021 2623 in
1044 2572 1459 2640 Metropolitano
1483 2573 1659 2640 pauci,
1678 2574 1876 2641 istique
1900 2574 1968 2624 ab
1991 2573 2099 2624 illis

120 2649 123 2652 Α
199 2660 499 2729 separatim,
523 2675 616 2727 pro
642 2657 895 2710 saeculari
921 2658 1035 2708 vita
1059 2659 1366 2710 educantur.

343 2745 539 2797 Graves
598 2744 814 2812 quidem
862 2744 1035 2794 adhuc
1081 2744 1320 2794 existunt
1365 2743 1594 2795 rationes
1642 2760 1735 2811 pro
1784 2745 1955 2795 mixta
2002 2743 2101 2795 hac

198 2831 525 2883 educatione.

347 2918 395 2966 1.
444 2915 735 2983 Paupertas
785 2914 1156 2984 collegiorum,
1204 2931 1338 2982 quae
1398 2930 1506 2965 non
1555 2915 1765 2978 sineret,
1816 2915 2002 2966 saltem
2045 2916 2101 2966 in

199 3001 482 3069 aliquibuS,
506 3004 572 3051 ut
596 3000 856 3052 sufficiens
879 3017 1130 3051 numerus
1169 3000 1506 3051 alumnorum
1529 3017 1624 3068 pro
1650 3004 1796 3051 statu
1816 3001 2101 3052 Ecclesias-

201 3088 310 3138 tico
335 3090 675 3149 sustentetur,
700 3085 804 3136 nisi
848 3085 1081 3137 subsidio
1121 3086 1397 3137 saecularis
1421 3086 1778 3137 institutionis
1804 3087 2099 3153 adjuvetur.

202 3172 346 3223 Hinc
388 3188 506 3223 vere
549 3171 656 3222 dici
695 3175 888 3238 potest,
931 3171 1187 3223 hactenus
1225 3173 1366 3224 inter
1389 3172 1732 3241 collegiorum
1775 3171 2102 3238 amplissima

202 3254 576 3318 sustentacula,
602 3254 762 3305 fuisse
787 3255 1149 3305 convictorum
1176 3254 1523 3306 saecularium
1548 3254 1839 3322 pensiones·
1914 3253 2101 3304 Laesio

201 3342 369 3411 igitur
410 3340 583 3409 gravis
621 3339 950 3408 infligeretur
991 3340 1194 3392 duobus
1233 3339 1423 3391 saltem
1448 3356 1512 3390 ex
1538 3338 1804 3406 CollegiiS,
1842 3339 1885 3388 si
1915 3338 2101 3388 statim

200 3426 300 3477 hoc
324 3427 500 3477 reditu
524 3425 870 3493 privarentur.

346 3514 396 3561 2.
446 3511 694 3562 Paucitas
721 3510 1071 3582 collegiorum
1095 3528 1189 3579 pro
1214 3510 1606 3563 sublimioribus
1632 3509 1928 3576 disciplinis
1954 3509 2103 3559 laicis

203 3596 489 3660 tradendis,
539 3596 816 3664 Episcopis
866 3614 989 3647 sane
1036 3598 1259 3647 maximi
1321 3596 1580 3647 momenti
1635 3611 1744 3645 esse
1803 3594 1979 3656 debet,
2039 3598 2104 3643 ut

194 3681 435 3749 juveneS,
496 3698 653 3749 penes
713 3698 842 3749 quos
891 3682 1020 3733 olim
1068 3682 1172 3733 erit
1219 3680 1485 3731 Ecclesiae
1538 3679 1662 3747 jura
1709 3684 1998 3748 protegere,
2047 3684 2104 3729 et

203 3766 447 3836 religioni
470 3767 772 3818 omnimode
808 3783 1116 3830 succurrere,
1142 3767 1251 3818 sint
1292 3782 1398 3817 non
1423 3764 1592 3816 solum
1617 3764 1684 3815 ab
1716 3763 2103 3815 Ecclesiasticis
