2534 4374
472 429 591 480 liz
1037 437 1193 479 CONC.
1239 437 1412 479 PROV.
1457 434 1678 478 WESTM.
1724 436 1786 477 ΙΙ.

574 579 577 581 ’
607 587 784 652 Atque
808 586 944 636 illud
968 587 1026 635 in
1052 586 1238 652 primis
1263 584 1492 634 solemne
1510 600 1719 650 quoque
1745 584 1850 634 fuit
1867 583 2056 634 iisdem
2074 583 2374 634 Decessori-

465 673 562 722 bus
599 671 803 722 Nostris
829 671 1125 721 doctrinam
1163 670 1227 720 de
1266 668 1620 719 Immaculata
1654 668 1753 718 Dei
1789 667 1982 719 Matris
2010 667 2366 735 Conceptione

465 762 659 807 sartam
708 761 1011 822 tectamque
1061 755 1207 806 omni
1270 771 1410 816 cura,
1472 755 1649 804 studio
1711 758 1767 804 et
1822 756 2160 804 contentione
2208 752 2371 803 tueri..

466 843 684 892 Etenim
732 858 838 892 non
888 841 1058 891 solum
1107 839 1412 889 nullatenus
1466 839 1607 905 passi
1657 842 1798 901 sunt,
1847 840 2020 907 ipsam
2068 839 2365 890 doctrinam

463 928 648 994 quovis
687 926 843 977 modo
886 942 918 975 a
960 925 1210 992 quopiam
1253 925 1444 987 notari,
1487 927 1650 991 atque
1698 924 1925 988 traduci,
1974 942 2157 976 verum
2200 923 2368 974 etiam

465 1013 618 1080 longe
657 1011 879 1061 ulterius
922 1010 1176 1078 progressi
1217 1009 1506 1077 perspicuis
1550 1009 2009 1072 declarationibuS,
2055 1010 2375 1076 iteratisque

464 1097 668 1147 vicibus
691 1097 986 1157 edixerunt,
1024 1094 1340 1157 doctrinam,
1365 1111 1470 1161 qua
1508 1094 1921 1145 Immaculatam
1956 1095 2194 1164 Virginis
2231 1093 2375 1145 Con-

463 1183 764 1249 ceptionem
807 1180 1132 1247 profitemur,
1158 1197 1285 1242 esse,
1323 1196 1519 1247 suoque
1556 1180 1746 1230 merito
1788 1180 1969 1231 haberi
2008 1197 2132 1230 cum
2157 1178 2376 1230 ecclesi-—

463 1268 628 1318 astico
690 1266 842 1317 cultu
903 1265 1060 1333 plane
1121 1281 1421 1328 consonam,
1483 1281 1705 1332 eamque
1765 1270 2014 1328 veterem,
2075 1282 2136 1315 ac
2204 1280 2367 1332 prope

463 1352 810 1403 universalem
835 1355 891 1401 et
916 1350 1195 1419 ejusmodi,
1219 1367 1381 1417 quam
1406 1349 1647 1401 Romana
1673 1350 1910 1401 Ecclesia
1935 1351 2037 1401 sibi
2069 1350 2375 1412 fovendam,

462 1442 818 1508 tuendamque
862 1440 1162 1507 susceperit,
1202 1444 1361 1507 atque
1404 1439 1621 1491 omnino
1661 1440 1902 1509 dignam,
1950 1457 2086 1508 quae
2123 1442 2182 1491 in
2225 1456 2367 1491 sacra

463 1530 576 1595 ipsa
613 1527 850 1596 liturgia,
888 1526 1310 1593 solemnibusque
1346 1526 1589 1593 precibus
1626 1531 1979 1593 usurparetur.
2062 1526 2249 1594 Neque
2283 1525 2378 1576 his-

464 1613 720 1675 contenti,
762 1616 826 1661 ut
869 1612 984 1678 ipsa
1023 1611 1090 1661 de
1133 1610 1489 1662 Immaculato
1533 1611 1769 1681 Virginis
1814 1610 2086 1679 Conceptu
2125 1611 2377 1662 doctrina*

462 1698 719 1748 inviolata
761 1697 1080 1763 persisteret,
1123 1696 1429 1763 opinionem
1468 1696 1595 1747 huic
1638 1697 1908 1748 doctrinae
1951 1698 2220 1748 adversam
2258 1698 2379 1747 sive-

463 1783 692 1851 publice,
741 1783 851 1832 sive
898 1782 1152 1848 privatim
1201 1781 1416 1832 defendi
1472 1798 1622 1849 posse
1671 1783 1993 1834 severissime
2039 1782 2379 1850 prohibuere,

463 1885 684 1936 eamque
744 1867 1039 1934 multiplici
1086 1867 1256 1918 veluti
1305 1867 1520 1918 vulnere
1564 1868 1861 1919 confectam
1911 1885 2021 1918 esse
2069 1867 2366 1918 voluerunt.

465 1954 664 2015 Quibus
711 1953 953 2020 repetitis
991 1951 1531 2020 luculentissimisque
1578 1953 2040 2015 declarationibUS,
2078 1970 2143 2003 ne
2185 1953 2379 2003 inanes-

465 2040 781 2100 viderentur,
806 2037 1042 2104 adjecere
1079 2038 1437 2088 sanctionem:
1475 2054 1609 2106 quae
1645 2039 1825 2089 omnia
1860 2038 2108 2089 laudatus
2145 2037 2380 2089 Praede-

465 2142 630 2176 cessor
654 2123 843 2174 Noster
867 2123 1161 2174 Alexander
1186 2123 1283 2174 VI.
1308 2124 1392 2174 his
1416 2124 1587 2175 verbis
1611 2128 1693 2175 est
1717 2124 2052 2192 complexus:

610 2213 642 2239 “
661 2209 771 2259 Nos
807 2208 1211 2272 consideranteS,
1241 2210 1383 2276 quod
1421 2208 1617 2260 Sancta
1641 2209 1880 2261 Romana
1905 2209 2141 2260 Ecclesia
2176 2209 2241 2259 de
2276 2208 2380 2260 In—
2438 2218 2441 2220 ’

464 2299 749 2346 temeratae
774 2311 973 2361 semper
989 2294 1226 2363 Virginis
1250 2294 1451 2346 Mariae
1473 2293 1828 2363 Conceptione
1852 2295 2048 2346 festum
2066 2294 2372 2346 solemniter

465 2376 709 2439 celebrat,
733 2380 790 2427 et
813 2376 1037 2443 speciale
1062 2393 1123 2427 ac
1159 2378 1431 2444 proprium
1456 2394 1610 2445 super
1644 2377 1744 2429 hoc
1768 2377 2002 2428 officium
2039 2377 2168 2428 olim
2193 2378 2379 2429 ordin-

467 2462 581 2512 avit
607 2462 766 2529 juxta
791 2461 958 2529 piam,
994 2463 1242 2513 devotam
1273 2467 1329 2513 et
1365 2463 1687 2514 laudabilem
1725 2463 2143 2525 institutionem,
2179 2480 2314 2530 quae
2336 2480 2370 2514 a

470 2547 619 2598 Sixto
647 2547 724 2596 IV
751 2546 1115 2598 Pradecessore
1140 2547 1335 2599 Nostro
1359 2552 1489 2599 tunc
1514 2549 1816 2608 emanavit3
1854 2548 2194 2615 volentesque
2219 2548 2380 2599 laud—-

468 2633 597 2684 abili
636 2634 761 2684 huic
797 2634 1011 2700 pietati,
1036 2634 1328 2696 devotioni,
1350 2637 1406 2684 et
1430 2633 1583 2696 fest0‚
1608 2651 1670 2684 ac
1697 2633 1869 2683 cultui
1894 2634 2182 2684 secundum
2218 2633 2370 2684 illam

470 2718 723 2781 exhibito,
761 2719 819 2767 in
855 2717 1092 2768 Ecclesia
1128 2717 1369 2769 Romana
1402 2722 1524 2786 post
1559 2719 1726 2786 ipsius
1762 2718 1939 2769 cultus
1974 2719 2369 2769 institutionem

470 2820 740 2870 nunquam
788 2803 1099 2866 immutato,
1147 2795 1503 2854 Romanorum
1546 2803 1870 2854 Pontificum
1913 2803 2369 2855 Praedecessorum

469 2888 778 2938 Nostrorum
797 2889 1055 2956 exemplo,
1075 2889 1248 2940 favere
1271 2905 1369 2940 nec
1387 2905 1494 2940 non
1511 2889 1652 2939 tueri
1677 2889 1936 2956 pietatem
1962 2895 2017 2940 et
2035 2889 2370 2939 devotionem

470 2972 605 3023 hanc
630 2973 836 3024 colendi
872 2978 928 3024 et
952 2974 1250 3025 celebrandi
1275 2974 1650 3045 Beatissimam·
1669 2975 1964 3043 Virginem,
2000 2975 2382 3041 praeveniente

471 3057 673 3107 scilicet
711 3057 943 3124 Spiritus
975 3057 1159 3110 Sancti
1182 3061 1374 3126 gratia,
1398 3076 1430 3110 a
1454 3063 1672 3127 peccato
1697 3059 1945 3127 originali
1969 3062 2372 3126 praeservatam‚

472 3143 847 3209 cupientesque
870 3144 929 3193 in
955 3141 1152 3194 Christi
1175 3160 1335 3212 grege
1359 3144 1626 3194 unitatem
1652 3144 1868 3211 spiritus
1891 3145 1949 3194 in
1975 3143 2185 3194 vinculo
2209 3144 2381 3211 paciS,

473 3228 666 3278 sedatis
692 3227 1086 3292 offensionibus,
1109 3233 1166 3280 et
1181 3228 1395 3298 jurgiiS,
1420 3230 1716 3296 amotisque
1753 3229 2012 3279 scandalis
2037 3246 2370 3290 conservare3

473 3313 540 3363 ad
564 3313 918 3380 praefatorum
944 3313 1324 3381 Episcoporum
1349 3331 1473 3364 cum
1498 3313 1852 3364 Ecclesiamm
1872 3331 2084 3364 suarum
2111 3313 2378 3381 Capitulis

475 3411 537 3444 ac
562 3393 802 3461 Philippi
828 3394 989 3464 Regis
1026 3395 1241 3462 ejusque
1277 3412 1556 3464 regnorum
1592 3394 1828 3446 oblatam
1853 3394 2019 3445 Nobis
2057 3395 2371 3445 instantiam

474 3495 535 3528 ac
571 3495 783 3545 preces3
827 3480 1251 3543 constitutioneS,
1289 3485 1344 3531 et
1379 3480 1606 3542 decreta,
1648 3495 1681 3529 a
1723 3478 1977 3530 Romanis
2020 3478 2381 3530 Pontificibus

477 3563 957 3614 Praedecessoribus
992 3563 1043 3613 N
1046 3564 1214 3627 ostriS,
1252 3568 1308 3614 et
1342 3564 1623 3632 praecipue
1659 3580 1691 3614 a
1729 3562 1880 3615 Sixto
1914 3563 2009 3626 IV,
2034 3563 2201 3614 Paulo
2225 3563 2291 3626 V,
2317 3570 2373 3615 et

478 3646 726 3716 Gregorio
770 3647 872 3696 XV
911 3648 1057 3698 edita
1099 3648 1157 3698 in
1200 3648 1431 3700 favorem
1474 3648 1767 3700 sententiae
1809 3648 2099 3710 asserentiS,
2138 3649 2378 3699 animam—

479 3730 674 3783 Beatae
710 3730 910 3783 Mariae
935 3732 1170 3801 Virginis
1195 3734 1254 3784 in
1279 3734 1361 3785 sui
1402 3734 1683 3796 creatione,
1708 3737 1764 3784 et
1799 3733 1858 3783 in
1884 3749 2068 3800 corpus
2090 3733 2379 3798 infusione,
