2534 4374
433 423 561 482 200
999 440 1163 482 coNc.
1209 439 1382 482 Pnov.
1427 438 1650 480 wsser.
1693 438 1786 492 111.

434 587 673 636 tiationis
716 591 771 637 et
809 586 1196 652 Assumptionis
1240 584 1303 634 B.
1329 584 1407 634 M.
1428 584 1514 646 V.,
1551 583 1645 634 SS.
1686 584 2053 651 Apostolorum
2090 585 2237 636 Petri
2280 590 2335 637 et

432 670 606 734 Pauli,
635 669 1040 721 Commemorat.
1069 668 1324 720 Omnium
1351 667 1444 719 SS.
1471 673 1526 718 et
1551 669 1767 719 demum
1792 669 1886 719 ubi
1911 670 2102 720 colitur
2125 671 2335 737 patroni

431 755 598 804 etiam
624 755 760 806 loci:
800 755 1011 822 vigilias
1048 758 1229 804 autem
1272 753 1420 803 festis
1464 758 1525 803 ut
1569 770 1723 820 supra
1756 753 2076 821 dispensatis
2109 771 2335 806 annexas

434 839 528 890 SS.
556 841 831 890 mandavit
855 839 1121 889 transferri
1146 839 1203 888 in
1229 837 1308 887 IV
1333 842 1389 888 et
1412 838 1491 888 VI
1523 838 1733 888 Feriam
1769 839 2176 906 uniuscujusque
2212 840 2339 890 heb-

434 926 690 975 domadae
713 924 1004 985 AdventuS,
1043 923 1103 973 in
1145 922 1336 989 quibus
1367 921 1639 990 jejunium
1682 923 1826 974 idem
1866 924 2175 974 servandum
2218 924 2337 987 erit,

428 1011 574 1075 ‹quod
599 1010 657 1059 in
676 1008 1086 1076 Quadragesima
1105 1011 1160 1058 et
1175 1007 1412 1068 Quatuor
1430 1007 1775 1075 Temporibus
1800 1009 1924 1058 anni
1951 1009 2140 1058 servari
2163 1009 2338 1072 debet,

434 1095 561 1145 licet
599 1094 787 1163 Anglis
830 1095 888 1143 in
931 1111 1075 1144 more
1115 1094 1186 1144 sit
1224 1093 1368 1144 feriis
1394 1093 1474 1143 VI
1490 1093 1701 1161 jejunia
1726 1093 2040 1161 vigiliasque
2063 1093 2336 1145 celebrare.

435 1179 618 1240 Quoad
662 1196 779 1229 vero
820 1178 1192 1228 Ecclesiastica
1236 1177 1423 1229 Officia
1466 1176 1559 1229 SS.
1600 1178 1886 1229 declaravit
1909 1196 1971 1229 ea
1996 1180 2070 1228 sic
2094 1182 2158 1228 ut
2181 1183 2338 1229 antea

435 1263 650 1314 retineri
689 1268 942 1330 oportere,
983 1268 1097 1314 tam
1138 1264 1195 1314 in
1234 1263 1431 1314 Missae
1473 1263 1839 1327 celebratione,
1879 1281 2038 1331 quam
2079 1263 2138 1314 in
2181 1264 2338 1314 Horis

436 1348 714 1399 Canonicis
738 1349 1041 1400 recitandis.
1116 1349 1338 1416 Insuper
1364 1350 1503 1400 sicut
1527 1349 1797 1399 interdum
1821 1349 2019 1411 evenit,
2037 1353 2101 1399 ut
2124 1349 2211 1400 die
2235 1365 2339 1415 quo

441 1435 659 1484 Festum
685 1434 864 1503 agitur
891 1433 983 1485 SS.
1010 1433 1248 1501 Apostol.
1274 1434 1423 1484 Petri
1446 1438 1501 1484 et
1541 1433 1699 1484 Pauli
1742 1434 2020 1502 contingat
2058 1435 2116 1484 in
2154 1434 2338 1484 eodem

437 1536 595 1586 regno
621 1519 863 1570 collectio
889 1519 1178 1581 soenorum,
1204 1523 1260 1569 et
1284 1520 1466 1569 messis
1491 1519 1704 1570 triticea
1727 1519 2013 1587 aliquando
2046 1519 2248 1569 incidat
2282 1519 2339 1568 in

441 1604 658 1654 Festum
707 1604 1099 1671 Assumptionis
1149 1604 1211 1655 B.
1262 1603 1346 1667 V.,
1395 1605 1476 1654 ita
1526 1603 1899 1655 Sanctissimus
1959 1604 2084 1654 hinc
2133 1619 2341 1671 quoque

439 1690 775 1756 prospiciens,
820 1689 1047 1739 Vicariis
1089 1689 1201 1740 AA.
1245 1689 1477 1740 locorum
1519 1690 1823 1757 respectivis
1865 1689 2077 1757 plenam
2118 1688 2342 1756 largitur

438 1775 751 1825 facultatem
789 1776 1125 1842 dispensandi
1159 1776 1217 1826 in
1254 1775 1420 1826 simili
1445 1791 1569 1825 casu
1593 1791 1625 1824 a
1649 1779 1928 1842 praecepto
1953 1774 2250 1824 abstinendi
2275 1773 2343 1822 ab

434 1861 679 1927 operibus
721 1861 1010 1923 servilibus,
1048 1861 1106 1910 in
1151 1860 1354 1911 duobus
1396 1860 1665 1927 praefatis,
1703 1859 1889 1910 audito
1913 1863 2094 1909 tamen
2117 1859 2262 1925 prius
2287 1857 2340 1909 S.

437 1946 632 1996 Missae
660 1945 944 2009 Sacrificio,
970 1946 1066 1997 ubi
1102 1945 1238 1996 illud
1272 1945 1548 1996 commode
1572 1944 1685 1995 fieri
1710 1946 1921 2012 poterit.
1995 1944 2119 1994 Dat.
2146 1942 2343 1994 Romae

433 2056 503 2086 ex
528 2037 656 2088 Aed.
685 2036 720 2088 S
767 2035 824 2088 C.
852 2037 918 2087 de
943 2036 1097 2103 Prop.
1127 2035 1247 2086 Fid.
1274 2037 1360 2086 die
1387 2040 1442 2086 et
1467 2053 1604 2086 anno
1630 2036 1821 2103 quibus
1847 2053 2015 2102 supra.

441 2199 487 2248 L
542 2195 614 2267 ,Β
651 2196 687 2249 S
1273 2125 1604 2177 STEPHANus
1640 2126 1874 2188 Bonam,
1913 2123 2267 2177 Sem-etardus.

886 2379 1236 2421 sUPPREssio
1272 2378 1512 2420 JEJUNII
1546 2377 1767 2418 FER1AE
1802 2379 1884 2419 vr.

765 2500 855 2551 Ex
892 2501 1034 2551 ΑΗΒ.
1076 2500 1168 2552 SS.
1206 2511 1414 2551 HABITA
1450 2512 1548 2550 mn
1583 2503 1614 2550 8
1653 2500 1826 2563 JULH,
1868 2500 2023 2554 1781.

588 2629 793 2679 Relatis
835 2646 926 2696 per
964 2645 1050 2679 me
1089 2629 1324 2679 infrasct.
1367 2627 1420 2679 S.
1462 2627 1518 2679 C.
1560 2628 1626 2678 de
1665 2627 1726 2680 P.
1768 2629 1831 2679 F.
1873 2628 2065 2680 Secret.
2105 2629 2347 2697 precibus

447 2715 775 2764 Vicariorum
823 2714 1245 2781 Apostolicorum
1293 2712 1519 2782 Angliae
1566 2712 1869 2764 humillime
1930 2714 2346 2781 supplicantium

443 2818 539 2867 pro
565 2800 953 2868 dispensatione
978 2817 1010 2850 a
1035 2799 1415 2850 consuetudine
1430 2798 1570 2848 inter
1587 2797 1883 2849 Catholicos
1910 2798 2145 2866 ejusdem
2171 2799 2345 2868 Regni

447 2885 654 2951 jamdiu
691 2885 906 2953 vigente
946 2883 1230 2951 jejunandi
1271 2883 1330 2932 in
1372 2881 1610 2948 qualibet
1657 2881 1812 2932 Feria
1850 2882 1944 2933 VI.
1991 2900 2082 2950 per
2129 2901 2346 2949 annum,

444 2971 668 3034 excepto
693 2971 929 3034 tempore
954 2965 1215 3027 Paschali,
1257 2980 1461 3014 necnon
1500 2963 1801 3014 abstinendi
1843 2981 1876 3014 a
1914 2966 2154 3016 carnibus
2178 2966 2347 3018 tribus

449 3052 632 3102 diebus
660 3052 1038 3119 Rogationum,
1063 3054 1119 3100 et
1162 3049 1250 3100 die
1292 3049 1427 3099 festo
1453 3048 1507 3099 S.
1535 3049 1721 3112 Marci,
1749 3049 2138 3118 Evangelistae,
2160 3050 2251 3102 SS.
2278 3053 2345 3105 D.

452 3137 518 3187 N.
546 3137 684 3186 PIUS
726 3136 857 3187 D.P.
885 3136 993 3187 ΡΡ.
1019 3135 1116 3185 VI.
1154 3135 1460 3202 praecipuas
1499 3134 1566 3184 ob
1609 3151 1792 3184 causus
1831 3139 1887 3184 et
1922 3134 2346 3188 circumstantias

448 3220 749 3273 Catholicos
774 3238 952 3271 omnes
976 3221 1036 3270 in
1079 3220 1263 3270 codem
1287 3218 1514 3286 Angliae
1553 3218 1736 3286 Regno
1762 3218 2011 3285 degentes
2035 3220 2262 3288 benigne
2286 3238 2347 3272 ac

454 3313 704 3374 perpetuo
731 3306 1056 3373 dispensavit
1091 3322 1123 3355 a
1147 3305 1383 3372 praefata
1415 3303 1612 3370 jejunii
1653 3303 1977 3353 observentia
2013 3306 2069 3354 in
2110 3306 2348 3371 qualibet

453 3392 606 3442 Feria
624 3392 720 3441 VI.
741 3409 831 3458 per
845 3408 1060 3450 annum,
1081 3389 1222 3440 salvo
1241 3393 1422 3439 tamen
1437 3387 1647 3455 jejunio
1663 3388 1730 3437 ab
1746 3387 2012 3438 Ecclesiae
2029 3391 2348 3457 praescripto

455 3478 620 3527 Feriis
646 3477 741 3526 VI.
784 3477 1218 3544 Quadi-agesimae
1258 3479 1314 3525 et
1357 3474 1452 3524 IV.
1480 3474 1811 3540 Temporum,
1855 3477 1911 3523 et
1953 3473 2105 3545 firmo
2148 3492 2350 3541 semper

455 3569 758 3612 remanente
783 3567 1059 3628 praecepto
1076 3560 1275 3627 jejunii
1301 3560 1359 3609 in
1385 3558 1606 3627 singulis
1626 3557 1813 3610 ,Feriis
1839 3558 1933 3608 IV.
1961 3547 2016 3608 et
2040 3558 2136 3609 VI.
2165 3561 2349 3610 unius-

450 3650 533 3713 cu}
542 3665 704 3715 usque
729 3647 1084 3696 hebdomadae
1108 3646 1379 3695 Adventus
1421 3644 1561 3711 quod
1602 3644 1716 3694 loco
1757 3644 2018 3693 variarum
2042 3644 2347 3712 vigiliarum

451 3732 740 3783 Catholicis
766 3732 951 3800 Anglis
994 3730 1296 3789 injunctum
1336 3729 1442 3779 fuit
1482 3745 1547 3779 ex
1593 3728 1889 3795 Apostolico
1929 3728 2147 3778 Indulto
2187 3730 2272 3778 die
2314 3731 2344 3778 9
