2534 4374
582 468 821 511 APPEND.
867 469 931 511 11.
1018 467 1311 513 sumnus
1355 468 1658 514 sanonum,
1941 452 2058 515 :271

296 614 483 666 XXII.
536 612 826 683 obligatio,
851 630 957 682 qua
993 613 1242 665 catholici
1284 614 1527 683 magistri
1567 620 1623 663 et
1657 613 1932 681 scriptores
1958 630 2068 661 οω-

154 703 282 754 nino
306 700 727 767 adstringuntur,
754 702 1050 749 coarctatur
1086 699 1144 748 in
1179 699 1244 748 iis
1280 703 1513 760 tantum,
1539 715 1675 765 quae
1700 699 1768 748 ab
1794 697 2064 748 infallibili

156 782 419 835 Ecclesiae
453 780 664 849 judicio
708 780 877 830 veluti
922 779 1047 830 fidei
1093 780 1345 849 dogmata
1393 781 1460 831 ab
1510 780 1756 831 omnibus
1807 779 2064 830 credenda

156 870 538 938 proponuntur.

411 957 550 1011 Epist.
572 957 627 998 ad
645 957 844 1011 Archiep.
868 956 1056 1010 Frising.
1085 958 1188 998 ficas
1209 957 1371 998 libenter
1396 959 1443 997 21
1467 957 1726 1009 Decembris,
1753 959 1869 998 1863.

296 1064 516 1115 XXIII.
567 1063 797 1116 Romani
832 1064 1119 1115 Pontifices
1153 1068 1209 1116 et
1247 1062 1485 1115 Concilia
1508 1066 1846 1115 oecumenica
1870 1081 1901 1113 a
1926 1063 2068 1113 limi-

153 1151 299 1203 tibus
342 1166 466 1201 suae
509 1150 790 1218 potestatis
833 1153 1172 1212 recesserunt,
1207 1149 1333 1216 jura
1372 1149 1684 1217 Principum
1730 1156 2067 1216 usurparunt,

151 1240 317 1306 atque
338 1236 505 1287 etiam
531 1235 588 1285 in
613 1235 766 1286 rebus
791 1235 918 1285 fidei
944 1238 1000 1285 et
1024 1252 1232 1285 morum
1258 1235 1574 1286 definiendis
1598 1240 1850 1286 errarunt.

411 1336 519 1377 Litt.
542 1337 693 1389 Apost.
716 1337 961 1386 Multiplices
981 1337 1087 1376 inter
1110 1338 1158 1375 10
1180 1335 1319 1385 Junii‚
1344 1337 1459 1376 1851.

296 1441 499 1492 XXIV.
551 1440 789 1491 Ecclesia
846 1440 927 1490 vis
983 1439 1285 1490 inferendae
1344 1443 1667 1507 potestatem
1724 1455 1830 1491 non
1888 1439 2064 1501 habet,

152 1546 323 1597 neque
346 1530 668 1596 potestatem
693 1525 863 1575 ullam
889 1524 1236 1592 temporalem
1261 1524 1519 1575 directam
1546 1524 1629 1575 vel
1654 1524 1987 1575 indirectam.

411 1626 521 1669 Litt.
541 1627 692 1679 Apost.
714 1626 790 1665 Aa
805 1626 1037 1675 apostolicae
1057 1625 1108 1662 22
1127 1622 1331 1675 Augusti,
1358 1624 1475 1663 1851.

295 1732 472 1783 XXV.
522 1731 738 1783 Praeter
784 1734 1107 1799 potestatem
1157 1731 1488 1798 episcopatui
1537 1731 1921 1795 inhaerentem,
1963 1733 2068 1782 alia

151 1822 233 1871 est
271 1818 533 1869 attributa
569 1817 875 1885 temporalis
912 1820 1147 1884 potestas
1187 1833 1219 1866 a
1258 1817 1406 1867 civili
1447 1817 1669 1885 imperio
1710 1817 1792 1867 vel
1834 1834 2068 1885 expresse

153 1904 238 1956 vel
275 1905 440 1956 tacite
477 1919 734 1966 concessa,
771 1903 1063 1954 revocanda
1095 1906 1390 1970 propterea,
1427 1919 1550 1953 cum
1584 1903 1817 1965 libuerit,
1854 1920 1884 1952 a
1922 1903 2067 1953 civili

156 1990 394 2059 imperi0.

411 2069 519 2111 Litt.
543 2069 696 2122 Apost.
719 2069 794 2109 Ad
810 2070 1045 2119 apostolicae
1063 2071 1115 2110 22
1134 2068 1338 2122 Augusti,
1368 2070 1485 2110 1851.

295 2179 500 2230 XXVI.
552 2178 790 2229 Ecclesia
838 2194 945 2229 non
993 2177 1156 2229 habet
1212 2179 1459 2229 nativum
1510 2194 1572 2229 ac
1621 2178 1927 2248 legitimum
1978 2178 2069 2245 jus

152 2265 462 2334 acquirendi
486 2281 549 2315 ac
573 2263 894 2331 possidendi.

411 2366 548 2407 Alloc.
571 2367 788 2417 Nunquam
799 2365 894 2416 sore
916 2367 964 2404 19
983 2364 1245 2414 Decembris,
1270 2367 1387 2406 1856.

410 2432 550 2486 Epist.
571 2433 734 2485 encycl.
755 2432 991 2473 Incredibili
1015 2433 1063 2475 17
1084 2432 1355 2485 Septembris,
1383 2434 1500 2474 1863.

297 2539 533 2592 XXVII.
586 2538 730 2590 Sacri
756 2538 1023 2590 Ecclesiae
1048 2539 1283 2590 ministri
1309 2539 1682 2606 Romanusque
1721 2538 1970 2589 Pontifex
1998 2540 2065 2589 ab

152 2628 300 2678 omni
333 2643 507 2677 rerum
540 2624 920 2693 temporalium
955 2641 1079 2675 cura
1114 2641 1182 2675 ac
1213 2625 1451 2675 dominio
1491 2628 1617 2675 sunt
1651 2625 1867 2676 omnino
1892 2625 2068 2674 exclu-

156 2713 334 2764 dendl·
411 2781 549 2822 Alloc.
570 2782 755 2821 Maxima
773 2782 929 2832 quidem
949 2783 973 2820 9
992 2780 1130 2830 Junii‚
1154 2782 1272 2822 1862.

298 2889 565 2940 XXVIII.
616 2888 911 2956 Episcopis,
953 2887 1067 2939 sine
1106 2887 1366 2939 Gubernii
1400 2887 1572 2952 venia,
1612 2887 1690 2939 fas
1725 2904 1832 2941 non
1868 2892 1950 2941 est
1986 2888 2067 2938 vel

154 2977 294 3044 ipsas
318 2974 634 3043 apostolicas
659 2973 867 3023 litteras
892 2973 1242 3042 promulgare.

413 3075 551 3116 Alloc.
573 3076 790 3126 Nunquam
798 3073 894 3125 fore
914 3076 963 3115 15
982 3074 1244 3126 Decembris,
1271 3075 1389 3115 1856.

299 3182 508 3234 ΧΧΙΧ.
561 3181 780 3233 Gratiae
818 3197 850 3231 a
890 3179 1131 3232 Romano
1170 3181 1431 3233 Pontifice
1467 3197 1739 3232 concessae
1774 3182 2065 3232 existimari

154 3270 349 3322 debent
374 3272 650 3335 tamquam
674 3266 874 3330 irritae,
899 3267 1005 3317 nisi
1030 3284 1124 3334 per
1154 3266 1488 3318 Gubernium
1514 3267 1713 3317 fuerint
1737 3266 2065 3333 imploratae.

413 3368 550 3409 Alloc.
572 3370 789 3419 Nunquam
798 3367 894 3418 sore
915 3368 963 3407 15
984 3367 1244 3418 Decembris,
1271 3369 1388 3408 1856.

298 3475 477 3525 XXX.
515 3472 784 3525 Ecclesiae
809 3477 865 3524 et
888 3488 1225 3541 personarum
1248 3471 1720 3523 ecclesiasticarum
1749 3472 2066 3524 immunitas

155 3577 190 3613 a
205 3560 327 3629 jure
353 3559 500 3611 civili
527 3563 704 3610 ortum
730 3559 937 3610 habuit.

412 3660 521 3702 Litt.
542 3660 692 3714 Apost.
716 3662 964 3711 Multiplices
983 3663 1088 3701 inter
1111 3664 1159 3701 10
1178 3660 1316 3711 Junii‚
1343 3662 1460 3701 1851.
