2534 4374
332 360 375 420 6
907 376 1064 418 CONo.
1111 373 1280 415 PRov.
1328 372 1548 413 WEsTM.
1594 372 1632 413 1.

470 528 521 575 4.
572 523 705 576 Cum
742 524 935 574 mirum
972 524 1029 572 in
1066 523 1282 572 modum
1319 521 1725 571 disseminentur
1758 520 1973 587 ubique,
1999 523 2053 571 et
2086 521 2215 589 ipsis

324 610 703 661 catholicorum
727 609 968 659 domibus
993 608 1406 668 introducantur,
1432 611 1526 655 aut
1563 606 1728 656 etiam
1754 623 1933 656 eorum
1969 607 2215 658 manibus

329 696 620 745 inserantur
642 694 854 760 pessimi
890 692 1073 754 libelli,
1099 692 1155 741 in
1190 691 1500 757 religionem
1537 689 1854 740 catholicam
1890 691 2215 754 invehenteS,

328 780 412 831 vel
437 797 552 830 eam
582 778 875 840 calumniiS,
912 777 1214 839 mendaciis,
1256 780 1311 826 et
1346 775 1595 825 conviciis
1632 775 2025 842 impugnantes,
2062 792 2215 827 mon-

323 868 514 915 eantur
535 864 729 926 fideles,
754 868 817 913 ut
840 863 906 913 ab
929 863 1056 930 ipsis
1081 861 1315 929 legendis
1341 878 1447 911 sese
1471 861 1772 911 abstineant
1792 878 1805 920 3
1843 861 1954 911 imo
1977 865 2042 911 ut
2070 878 2156 912 eos
2180 878 2215 911 a

327 966 383 999 se
406 950 619 1016 penitus
642 950 900 1017 rejiciant,
924 948 1177 999 revocatis
1192 948 1249 996 in
1269 963 1446 997 eorum
1471 949 1675 996 mentes
1694 945 1876 1012 poenis
1891 946 1959 996 ab
1976 946 2216 997 Ecclesia

329 1034 564 1097 indictis,
588 1040 766 1084 contra
789 1035 1019 1102 legentes
1043 1032 1345 1100 hujusmodi
1368 1032 1543 1083 libros.
1618 1030 1720 1082 Sed
1744 1048 1850 1098 quo
1874 1031 2064 1082 melius
2086 1031 2216 1082 huic

328 1123 621 1169 occurratur
637 1120 791 1186 pesti,
815 1118 1086 1185 provideat
1111 1118 1342 1168 sacerdos
1365 1117 1617 1167 librorum
1641 1119 1865 1184 piorum,
1891 1121 1947 1168 ct
1971 1117 2216 1168 aedifica-

329 1204 528 1253 tionem
551 1204 912 1271 praebentium
938 1204 1161 1271 copiam,
1188 1220 1277 1254 seu
1302 1203 1369 1253 ad
1389 1206 1607 1270 captum
1626 1220 1837 1254 suorum
1857 1206 2215 1277 comparatam

329 1288 719 1352 bibliothecam,
743 1305 807 1339 ex
831 1305 936 1355 qua
960 1289 1122 1338 etiam
1146 1305 1396 1355 pauperes
1415 1291 1470 1338 et
1483 1289 1712 1339 rudiores
1726 1289 1920 1340 utilem
1939 1288 2215 1341 scientiam

329 1373 534 1425 haurire
557 1375 783 1437 valeant,
808 1374 953 1424 libris
977 1374 1043 1424 ad
1067 1378 1278 1440 tempus
1293 1374 1422 1440 ipsis
1440 1374 1725 1441 praestitis.
1798 1374 2218 1425 Disseminentur

330 1460 494 1510 etiam
517 1462 656 1511 inter
678 1460 796 1510 illos
815 1463 1074 1526 quantum
1091 1458 1202 1509 fieri
1217 1462 1409 1526 potest,
1428 1460 1678 1527 opuscula
1695 1461 1803 1528 pia,
1822 1478 1958 1529 quae
1976 1459 2216 1529 quotidie

327 1561 363 1595 a
385 1546 573 1596 nostris
597 1545 738 1613 typis
762 1544 1094 1594 mandantur.

473 1631 523 1681 5.
573 1629 722 1691 Quod
745 1646 863 1680 vero
888 1630 953 1680 de
983 1629 1170 1680 scholis
1211 1629 1528 1697 pauperibus
1566 1630 1845 1682 destinatis
1869 1631 2215 1695 decrevimuS,

328 1715 389 1765 id
413 1715 574 1765 etiam
597 1715 665 1765 ad
700 1715 827 1765 alias
870 1715 1067 1765 scholas
1102 1715 1160 1764 in
1196 1715 1386 1782 quibus
1422 1715 1670 1766 honestae
1706 1717 2026 1768 conditionis
2062 1717 2215 1784 pueri

330 1800 633 1862 educantur,
657 1800 898 1850 volumus
916 1800 1185 1867 applicari.
1245 1799 1465 1850 Moneat
1483 1801 1687 1852 scilicet
1701 1805 1942 1868 parentes
1967 1802 2215 1865 sacerdOS,

328 1888 395 1935 ut
417 1884 602 1935 liberos
625 1885 692 1934 ad
718 1884 972 1951 ejusmodi
1010 1884 1206 1934 scholas
1242 1900 1348 1934 non
1384 1885 1627 1947 mittant,
1658 1886 1752 1936 ubi
1787 1903 1911 1937 cum
1946 1887 2217 1955 religionis

328 1968 622 2037 dispendio,
645 1969 728 2020 vel
752 1969 999 2037 periculo,
1024 1971 1242 2021 scientia
1266 1987 1405 2023 mere
1428 1970 1697 2025 mundana
1719 1973 1848 2040 ipsis
1871 1973 2116 2025 traditur.

989 2243 1391 2296 DECRETUM
1450 2243 1552 2295 IX.

741 2416 823 2472 De
867 2417 1216 2488 Professione
1262 2418 1427 2472 Fidei
1474 2419 1786 2475 emittenda.

472 2592 639 2649 Juxta
664 2595 716 2648 S.
743 2596 1078 2647 Tridentinae
1105 2596 1302 2665 Synodi
1336 2596 1559 2648 Decreta
1583 2601 1638 2648 et
1663 2596 2003 2650 Summorum
2026 2598 2215 2652 Ponti-

331 2680 494 2732 ficum
518 2681 916 2731 constitutiones
941 2679 1070 2747 (sess
1093 2683 1251 2744 xxiv„
1277 2698 1322 2733 c.
1354 2683 1400 2744 1,
1425 2685 1481 2732 et
1505 2699 1549 2732 c.
1580 2684 1664 2745 12,
1688 2682 1768 2733 De
1791 2682 2013 2751 reform.
2085 2685 2215 2737 Pius

335 2766 430 2817 IV.
469 2766 528 2815 in
569 2764 753 2817 Bulla:
791 2763 867 2816 I‘n
904 2765 1289 2833 sacrosancta),
1331 2767 1680 2833 praecipimus
1723 2771 1788 2817 ut
1829 2769 1923 2836 qui
1964 2769 2033 2819 ad
2078 2770 2215 2821 infra

333 2850 585 2901 recensita
620 2866 834 2900 munera
870 2851 1222 2919 designantur,
1259 2852 1628 2918 professionem
1662 2851 1789 2902 fidei
1812 2868 1844 2902 a
1869 2851 1968 2903 Pio
2005 2853 2086 2903 IV
2086 2891 2119 2917 .,
2154 2855 2213 2904 in

333 2942 480 3002 bulla
515 2940 844 3008 I‘njunctum
884 2940 944 2991 N
938 2940 1052 2992 obis
1093 2958 1230 2992 anno
1271 2941 1408 2992 1564
1451 2941 1670 3005 editam,
1705 2947 1948 3010 prompte
1984 2947 2039 2994 et
2073 2945 2215 2996 intra

333 3027 583 3078 terminos
606 3027 962 3094 praescriptos,
999 3027 1268 3077 emittant.
1342 3026 1560 3078 Scilicet
1599 3026 1652 3078 1⁰
1689 3029 1920 3095 episcopi
1955 3028 2014 3079 in
2038 3031 2212 3097 prima

332 3112 640 3180 provinciali
680 3110 886 3179 Synodo
927 3113 1015 3163 cui
1060 3112 1431 3175 interfuerint3
1479 3113 1621 3181 quod
1667 3129 1763 3164 nos
1808 3117 2071 3181 praestare
2104 3131 2210 3167 non

333 3197 676 3264 negleximus,

445 3268 448 3270 v
475 3283 525 3331 2.
574 3281 771 3331 Vicarii
795 3281 1073 3349 generales-

478 3367 524 3416 3.
576 3363 825 3415 Canonici
860 3369 978 3432 post
1013 3365 1446 3431 nominationem,
1471 3367 1529 3418 in
1564 3368 1679 3436 ipso
1715 3368 1970 3436 capitu10,
1992 3371 2048 3421 et
2070 3370 2207 3422 infra

331 3448 579 3500 bimestre
601 3449 659 3498 in
682 3449 922 3499 manibus
947 3451 1192 3516 episcopi.

474 3535 524 3582 4.
573 3533 812 3582 Rectores
837 3533 1187 3584 Ecclesiarum
1211 3534 1368 3585 aliive
1393 3552 1571 3586 curam
1594 3536 1893 3588 animarum
1916 3537 2182 3590 habentes·

475 3618 524 3668 5.
574 3616 882 3667 Professores
919 3616 1102 3668 Sacrae
1139 3617 1433 3687 theologiae
1470 3625 1525 3671 et
1559 3620 1921 3690 philosophiae
1955 3623 2016 3673 in
2048 3625 2206 3675 semi-

334 3699 493 3750 nariis
529 3703 584 3750 et
622 3700 873 3768 collegiis.
