2534 4374
464 405 585 464 154
1015 423 1175 465 coNC.
1222 423 1387 465 psov.
1437 423 1657 466 wss'rM.
1707 426 1794 468 111.

1175 650 1374 711 TITU
1389 650 1553 711 LUS
1611 652 1662 712 Ι.

1084 867 1487 920 DECRETUM
1551 870 1711 923 XIII.

974 1047 1055 1100 De
1108 1046 1448 1100 Staminariis
1499 1045 1820 1103 condendis,

596 1204 792 1257 Sancta
835 1205 900 1255 D.
945 1204 1013 1255 N.
1059 1203 1092 1255 J
1096 1221 1188 1255 esu
1228 1203 1421 1256 Christi
1463 1203 1680 1273 Sponsa,
1707 1204 1941 1256 Ecclesia
1966 1203 2255 1269 Catholica,
2293 1223 2356 1257 eo

453 1293 744 1361 conjugalis
784 1291 1083 1342 dilectionis
1122 1290 1335 1341 vinculo
1378 1307 1501 1356 cum
1542 1290 1737 1341 Divino
1777 1289 1976 1358 Sponso
2020 1292 2264 1354 sociatur,
2290 1297 2354 1343 ut

452 1395 557 1428 non
600 1377 769 1428 solum
810 1381 1088 1444 praecepta
1125 1380 1181 1426 et
1222 1376 1428 1426 monita
1467 1380 1710 1426 aeternae
1753 1377 1895 1427 vitae
1937 1376 2005 1427 ab
2030 1394 2091 1428 eo
2115 1378 2267 1428 avide
2292 1395 2352 1428 ac

451 1468 688 1514 amanter
712 1463 959 1530 accipiat,
986 1462 1075 1512 sed
1101 1462 1159 1512 in
1185 1461 1431 1512 omnibus
1456 1461 1570 1528 ejus
1594 1461 1800 1511 actibus
1819 1467 1981 1528 atque
1997 1462 2100 1512 fere
2118 1462 2357 1531 gestibus

451 1566 690 1600 normam
764 1553 820 1599 et
891 1547 1157 1615 exemplar
1229 1564 1354 1598 suae
1427 1548 1622 1614 pariter
1701 1548 2018 1614 operationis
2096 1548 2352 1599 inveniat.

452 1632 734 1698 Propterea
777 1647 1139 1698 quaecumque
1181 1629 1266 1680 vel
1308 1628 1548 1679 consulto
1591 1633 1751 1691 creat,
1786 1629 1866 1678 vel
1892 1635 2077 1696 sponte
2101 1631 2357 1698 quodam-

450 1718 607 1769 modo
632 1716 913 1785 germinat,
939 1716 1162 1766 formam
1188 1714 1256 1765 ab
1281 1714 1404 1781 Ipso
1429 1714 1654 1764 assumit
1678 1715 1745 1765 ad
1770 1733 1927 1782 quem
1953 1715 2127 1766 oculos
2154 1733 2358 1784 semper

450 1803 655 1872 dirigit,
681 1803 740 1852 in
765 1818 924 1868 quem
951 1818 1036 1851 cor
1061 1800 1294 1851 defixum
1323 1799 1576 1850 continuo
1602 1805 1765 1850 tenet.

595 1887 735 1948 Quid
779 1904 901 1956 ergo
943 1888 1158 1949 mirum,
1202 1903 1264 1937 ea
1303 1903 1438 1953 quae
1474 1885 1532 1935 in
1570 1885 1804 1936 Ecclesia
1841 1887 2100 1937 instinctu
2125 1887 2353 1954 quodam

451 1978 629 2024 exorta
655 1976 797 2035 sunt,
821 1977 874 2023 et
900 1972 1165 2040 paulatim
1192 1975 1484 2032 creverunt,
1508 1971 1672 2021 donec
1697 1972 2070 2038 perfectionem
2094 1973 2357 2039 attinger-

449 2065 559 2122 ent,
595 2076 688 2126 pro
729 2058 1012 2108 educandis
1050 2057 1422 2119 sacerdotibuS,
1449 2054 1684 2124 Collegia
1708 2057 1832 2107 inde
1857 2058 2114 2125 originem
2139 2058 2354 2108 traxisse

451 2146 544 2196 ubi
593 2145 770 2212 coepit
809 2148 865 2194 et
914 2144 1280 2194 sacerdotium.
1379 2142 1597 2192 Etenim
1640 2142 1964 2210 Redemptor
2007 2150 2182 2194 noster
2225 2160 2354 2210 quos

451 2231 622 2281 voluit
673 2234 727 2280 et
775 2230 1074 2298 designavit
1123 2228 1205 2279 sui
1258 2228 1500 2278 sublimis
1548 2228 1832 2279 ministerii
1882 2246 2212 2293 successores,
2261 2231 2355 2284 hos

450 2318 621 2383 primo
660 2316 877 2383 quidem
917 2333 950 2366 a
990 2314 1275 2365 mundanis
1313 2313 1762 2381 occupat-ionibus,
1805 2331 1866 2365 ac
1891 2332 1923 2365 a
1947 2320 2165 2383 patema
2188 2319 2353 2369 etiam
2408 2334 2411 2337 ·

451 2404 607 2454 domo
631 2403 700 2452 ad
719 2419 772 2452 se
797 2401 1023 2464 vocavit,
1039 2401 1139 2452 sibi
1158 2400 1487 2469 aggregavit,
1506 2403 1562 2449 et
1577 2416 1668 2449 suo
1687 2401 1946 2451 consortio
1971 2402 2353 2455 condecoravit.

595 2487 684 2539 Sic
734 2488 945 2538 seorsim
993 2503 1100 2537 non
1149 2486 1319 2536 solum
1369 2502 1401 2535 a
1450 2485 1622 2548 turba,
1671 2486 1761 2536 sed
1802 2485 1870 2536 ab
1910 2486 2038 2553 ipsis
2063 2487 2354 2555 discipulis,

451 2592 536 2625 eos
584 2590 713 2641 quos
763 2572 830 2622 ad
879 2571 1251 2639 Apostolatum
1301 2570 1612 2638 appellavit,
1661 2571 1955 2623 instruebat
1994 2589 2055 2622 ac
2105 2573 2356 2625 informa-

451 2661 559 2710 bat.
636 2658 768 2720 Illis,
812 2674 944 2724 quae
983 2657 1050 2707 ad
1093 2656 1352 2723 populum
1393 2655 1660 2706 obscurius
1708 2657 2115 2723 praedicaverat,
2164 2658 2356 2709 clarius

451 2743 768 2811 explicabat,
818 2741 1158 2810 exquisitiora
1206 2741 1448 2791 tradebat
1497 2741 1562 2791 de
1613 2758 1683 2803 se,
1732 2758 1930 2807 suaque
1978 2743 2243 2805 missione,
2300 2751 2354 2795 et

452 2831 515 2880 de
581 2845 674 2879 suo
733 2844 894 2896 regno
960 2828 1017 2877 in
1075 2827 1226 2877 terris
1275 2826 1560 2877 fundandO.
1660 2825 1891 2877 Coeteris
1940 2827 2249 2895 loquebatur
2295 2831 2354 2880 in

451 2915 728 2988 parabolis,
773 2915 1068 2966 doctrinam
1109 2914 1276 2964 veluti
1319 2914 1492 2964 adhuc
1540 2914 1599 2964 in
1649 2912 1907 2965 Sinaitico
1956 2915 2050 2966 illo
2098 2916 2244 2966 fumo
2293 2934 2356 2967 ac

452 3003 592 3053 nube
655 3000 953 3051 involutam
1022 2999 1266 3059 tradens;
1346 2998 1472 3061 illis,
1541 2999 1678 3048 sicut
1732 2999 1906 3066 Moysi
1973 3000 2031 3050 in
2079 3002 2357 3053 cacumine

453 3090 650 3141 montis
675 3089 835 3150 DeUS,
860 3105 917 3138 os
941 3087 1009 3137 ad
1034 3104 1090 3138 os
1115 3087 1350 3153 loquens„
1376 3087 1449 3136 sic
1475 3085 1627 3149 Idem
1651 3103 1792 3137 nunc
1821 3087 1878 3137 in
1903 3087 2143 3138 claritate
2167 3089 2354 3141 Divini

454 3176 633 3227 vultus
694 3173 1007 3224 instruebat.
1105 3172 1287 3238 Neque
1348 3172 1447 3222 hoc
1503 3171 1672 3222 solum
1720 3189 1814 3239 pro
1863 3173 1969 3223 suis
2019 3173 2356 3226 efformandis

452 3261 709 3311 ministris
728 3258 937 3327 agebat,
957 3257 1046 3308 sed
1071 3257 1150 3307 ita
1169 3256 1501 3306 familiariter
1525 3273 1610 3306 eos
1635 3256 1915 3319 tractabat,
1940 3262 2005 3308 ut
2027 3259 2206 3310 omnia
2230 3277 2353 3310 cum

451 3348 526 3396 eis
565 3346 870 3396 communia
908 3343 1141 3405 haberet,
1183 3359 1363 3393 eorum
1401 3342 1524 3392 lites
1562 3358 1694 3408 pene
1736 3341 1959 3407 pueriles
2002 3350 2357 3410 componeret,

452 3437 632 3482 contra
675 3429 984 3480 cavillantes
1026 3427 1332 3478 Pharisaeos
1369 3427 1687 3488 defenderet,
1721 3427 1985 3493 dubiaque
2010 3428 2174 3477 etiam
2199 3428 2358 3479 levis-

452 3517 585 3566 sima
603 3515 827 3566 tolleret.
902 3513 1006 3563 Eos
1025 3513 1304 3574 solabatur,
1322 3512 1577 3581 erigebat,
1599 3511 2008 3579 reprehendebat
2033 3516 2087 3562 et
2113 3513 2193 3580 obj
2202 3531 2358 3581 urga-

451 3602 579 3652 bat:
617 3600 749 3667 quid
790 3598 981 3665 plura?
1057 3597 1124 3649 Se
1167 3598 1501 3665 magistrum,
1540 3596 1658 3647 illos
1702 3597 1986 3664 discipulos
2035 3597 2354 3664 appellabat.

450 3685 618 3736 Erant
641 3683 857 3734 etenim.
