2534 4374
476 455 599 521 278
1037 470 1194 515 eorm.
1241 470 1406 514 Pnov.
1449 471 1673 514 wss'ffl.
1721 471 1798 513 Π.

615 614 846 666 LXXII.
884 613 1187 665 Bonifacius
1229 612 1390 664 VIII.
1430 616 1616 664 votum
1654 611 1922 663 castitatis
1957 613 2017 663 in
2052 612 2380 667 ordinatione

472 702 722 752 emissum
746 700 964 768 nuptias
988 698 1161 749 nullas
1185 694 1396 749 reddere
1420 698 1623 765 primus
1647 697 1885 748 asseruit.

729 796 836 837 Litt.
857 796 1008 849 Apost.
1030 796 1105 836 Aa
1120 797 1352 845 apostolicae
1370 796 1423 835 22
1441 794 1642 847 Augusti,
1668 795 1786 836 1851.

614 899 882 950 LXXIII.
919 899 989 949 Vi
1014 901 1315 950 contractus
1339 914 1478 949 mere
1503 898 1675 948 civilis
1699 901 1878 966 potest
1905 900 2043 950 inter
2070 898 2380 952 christianos

473 993 710 1037 constare
753 986 862 1036 veri
904 984 1134 1035 nominis
1176 983 1608 1044 matrimonium3
1664 984 1962 1053 falsumque
2001 989 2098 1049 est,
2130 990 2228 1038 aut
2259 1003 2382 1038 con-
2463 986 2500 1052 ξ

473 1077 703 1122 tractum
727 1070 1057 1121 matrimonii
1081 1070 1222 1120 inter
1245 1069 1556 1120 christianos
1594 1086 1796 1137 semper
1832 1087 1941 1122 esse
1980 1048 2403 1136 sacramentum:
2477 1075 2494 1107 ἓ

474 1161 570 1207 aut
593 1156 802 1206 nullum
826 1172 936 1206 esse
959 1158 1310 1218 contractum,
1336 1155 1381 1206 si
1406 1160 1793 1206 sacramentum
1818 1155 2143 1207 excludatur.

731 1252 838 1294 Litt.
861 1253 1011 1306 Apost.
1031 1253 1108 1293 Aa
1122 1253 1353 1302 apostolicae
1371 1253 1423 1292 22
1440 1251 1642 1304 Augusti,
1668 1254 1786 1293 1851.

733 1319 906 1360 Lettera
923 1318 968 1359 di
987 1318 1030 1360 S.
1054 1318 1096 1359 S.
1119 1318 1220 1359 1³10
1239 1318 1323 1358 IX.
1345 1319 1389 1359 al
1405 1318 1469 1359 Re
1486 1318 1529 1358 di
1549 1318 1780 1372 Sardegna,
1802 1322 1827 1360 9
1846 1319 2096 1372 Settembre,
2120 1321 2239 1361 1852.

731 1387 869 1427 Alloc.
891 1387 1201 1427 Ambissimwm
1220 1386 1270 1429 27
1291 1385 1563 1438 Septembris,
1589 1388 1706 1427 1852.

731 1454 868 1495 Alloc.
889 1455 1038 1495 Multis
1052 1454 1314 1505 ,qv-avibusque
1335 1453 1383 1496 17
1403 1453 1661 1505 Decembris,
1687 1456 1806 1495 1860.

619 1557 870 1609 LXXIV.
910 1555 1108 1608 Causae
1130 1556 1547 1608 matrimoniales
1579 1561 1636 1609 et
1672 1558 1933 1626 sponsalia
1973 1561 2161 1627 suapte
2194 1562 2384 1611 natura.
2483 1547 2498 1605 J

476 1644 546 1695 ad
570 1643 740 1694 forum
765 1641 924 1693 civile
947 1641 1236 1710 pertinent.

735 1740 842 1780 Litt.
864 1739 1013 1792 Apost.
1035 1739 1110 1779 Ad
1126 1741 1358 1789 apostolicae
1376 1742 1427 1779 22
1447 1740 1649 1792 Augusti,
1675 1743 1794 1782 1851.

735 1810 872 1850 Alloc.
893 1809 1200 1848 Ambe-ssimum
1219 1808 1270 1850 27
1290 1807 1562 1860 Septembris,
1587 1810 1705 1850 1852.

621 1913 739 1965 NB.
777 1913 901 1964 Huc
925 1913 1094 1963 facere
1117 1915 1334 1979 possunt
1360 1912 1464 1962 duo
1483 1912 1579 1962 alii
1598 1929 1802 1976 errores,
1821 1913 1888 1964 de
1906 1913 2213 1964 clericorum
2230 1911 2384 1964 coeli-

479 2001 611 2051 batu
640 1999 895 2050 abolendo
929 2002 985 2048 et
1021 1997 1086 2048 de
1123 2001 1269 2047 statu
1304 1997 1634 2047 matrimonii
1672 1998 1839 2048 statui
1874 1997 2204 2066 virginitatis
2238 2001 2384 2049 ante-

481 2086 706 2136 ferendo.
781 2082 1213 2153 (Confodiuntur,
1251 2083 1392 2150 prior
1431 2083 1490 2132 in
1530 2083 1683 2150 epist.
1722 2082 1920 2151 encycl.
1967 2080 2081 2147 Qui
2115 2080 2385 2152 pluribus

483 2173 514 2222 9
539 2169 870 2232 Novembris,
892 2169 1047 2232 1846,
1065 2168 1320 2236 posterior
1342 2168 1402 2219 in
1426 2167 1646 2218 Litteris
1669 2167 1853 2235 Apost.
1873 2164 2217 2236 Multiplices
2238 2165 2385 2220 v'snter
2483 2159 2486 2197 3

483 2258 553 2306 ,10
577 2255 751 2318 Junii,
781 2252 963 2324 1851.)
2052 2272 2054 2274 -
2485 2254 2493 2262 ·-

1356 2410 1382 2472 ς
1405 2410 1508 2461 ΙΧ.

658 2611 662 2620 q
686 2541 931 2593 'Errores
955 2537 1021 2590 de
1043 2533 1202 2589 civili
1225 2531 1477 2587 Romani
1499 2530 1793 2601 Pontificis
1809 2530 2171 2605 princ‘espatu.

626 2667 847 2719 LXXV.
882 2666 963 2717 De
991 2663 1296 2732 temporalis
1327 2663 1477 2731 regni
1502 2678 1626 2712 cum
1650 2661 1916 2729 spirituali
1941 2661 2386 2729 compatibilitate
2488 2664 2493 2718 ζ’

477 2756 764 2824 disputant
786 2753 925 2802 inter
949 2767 1004 2801 se
1027 2748 1343 2800 christianae
1365 2753 1421 2799 et
1446 2746 1733 2797 catholicae
1758 2745 2024 2797 Ecclesiae
2046 2745 2165 2797 filii.
2504 2758 2507 2765 ’

740 2850 848 2891 Litt.
868 2849 1018 2901 Apost.
1039 2847 1114 2887 Aa
1129 2846 1358 2896 apostolicae
1376 2846 1428 2883 22
1445 2843 1646 2896 Augusti,
1672 2844 1789 2884 1851.

628 2953 879 3007 LXXVI.
916 2951 1204 3019 Abrogatio
1247 2949 1419 3000 civilis
1459 2947 1690 3016 imperii,
1733 2964 1838 3015 quo
1878 2946 2183 3015 Apostolica
2224 2944 2384 2999 Sedes

486 3042 708 3110 potitur,
754 3038 824 3089 ad
871 3036 1138 3088 Ecclesiae
1190 3034 1492 3084 libertatem
1544 3032 1963 3100 felicitatemque
2015 3030 2103 3083 vel
2155 3032 2386 3083 maxime

487 3127 815 3178 conduceret.
1732 3166 1734 3168 ,

741 3213 879 3254 Alloc.
904 3211 1052 3259 Quibus
1069 3211 1302 3262 quoentisque
1319 3210 1371 3248 20
1389 3207 1564 3260 Aprilis,
1590 3209 1707 3248 1849.

630 3317 749 3371 NB.
786 3317 1000 3367 Praeter
1033 3312 1128 3364 hos
1162 3327 1352 3362 errores
1397 3309 1649 3377 explicite
1692 3312 1919 3373 notatoS,
1957 3309 2053 3361 alii
2094 3309 2384 3378 complures

488 3391 752 3473 implicite
799 3400 1158 3468 reprobantur,
1206 3396 1473 3464 proposita
1530 3399 1586 3445 et
1649 3395 1843 3445 aSserta
1905 3394 2161 3458 doctrina,
2224 3411 2383 3463 quam
2456 3422 2459 3423 γ
2509 3394 2519 3411 ³

489 3489 737 3541 catholici
779 3502 958 3538 omnes
999 3483 1298 3535 firmissime
1333 3482 1554 3531 retinere
1590 3479 1832 3542 debeant,
1869 3479 1936 3530 de
1973 3479 2121 3530 civili
2157 3479 2386 3532 Romani

489 3573 767 3626 Pontifieis
808 3570 1130 3640 principatu.
1206 3565 1509 3636 (Ejusmodi
1551 3564 1789 3614 doctrina
1829 3563 2124 3615 luculenter
2158 3564 2385 3616 traditur

490 3660 549 3709 in
591 3658 756 3708 Alloc.
834 3652 1050 3720 Quibus
1092 3650 1426 3720 quantisque
1466 3651 1536 3701 20
1574 3648 1758 3716 April„
1796 3648 1967 3709 18493
2021 3648 2080 3699 in
2115 3648 2280 3700 Alloc.
2317 3646 2385 3702 Si
