2534 4374
463 416 584 475 164
1016 430 1175 472 com.
1221 429 1387 472 Pnov.
1432 429 1652 471 wEer.
1699 429 1787 472 111.

454 579 597 640 viris,
647 579 737 629 sed
784 579 947 629 etiam
998 577 1095 627 sub
1142 576 1375 643 ipsorum
1437 574 1819 642 Episcoporum
1878 573 2070 637 tutela,
2115 575 2175 624 in
2229 589 2356 624 sana

451 665 694 714 doctrina
718 663 999 713 instructi:
1039 659 1305 726 multique
1349 663 1475 710 sunt
1511 659 1917 726 patresfamilias
1959 660 2053 726 qui
2093 658 2230 709 nihil
2254 657 2355 708 hoc

452 749 728 815 antiquius
771 747 985 808 habent,
1011 761 1173 811 quam
1216 749 1280 794 ut
1304 744 1406 794 filii
1434 744 1601 794 etiam
1627 745 1768 794 inter
1793 743 2007 795 clericos
2030 745 2318 794 educentur
2338 760 2354 803 ;

454 835 534 884 ita
558 839 622 882 ut
646 834 869 882 virtutes
893 830 975 879 his
1000 829 1172 897 magis
1189 830 1423 895 proprias
1440 829 1734 895 acquirant,
1754 833 1811 880 et
1833 830 1999 879 etiam
2022 830 2355 879 vocationem

457 917 883 968 Ecclesiasticam
908 931 941 964 a
964 913 1076 963 Deo
1100 914 1486 964 nanciscantur.

600 1004 649 1052 3.
699 1000 934 1051 Tandem
983 997 1112 1048 haec
1172 997 1288 1064 ipsa
1348 1014 1462 1065 spes
1522 1001 1787 1050 motivum
1846 1001 2060 1069 praebet
2105 1017 2200 1068 pro
2253 1000 2355 1051 hac

452 1087 782 1140 educationis
817 1084 1083 1135 methodo,

596 1173 706 1223 III.
757 1170 1006 1231 Quamvis
1047 1186 1125 1219 res
1167 1170 1246 1220 ita
1286 1186 1341 1220 se
1382 1169 1590 1234 habeat,
1633 1172 1857 1223 minime
1898 1172 2184 1223 dicendum
2224 1171 2355 1222 edu-

452 1261 717 1310 cationem
743 1258 870 1307 adeo
895 1255 1045 1305 laicis
1069 1255 1476 1318 accommodari,
1501 1260 1566 1306 ut
1589 1273 1696 1307 non
1721 1259 1793 1308 sit
1816 1261 1943 1325 apta
1968 1256 2354 1308 Ecclesiasticis

450 1343 803 1395 efformandis.
878 1341 996 1391 Hoc
1040 1341 1184 1390 enim
1224 1340 1353 1391 satis
1392 1346 1614 1404 constat,
1661 1359 1725 1393 ex
1765 1359 1827 1394 eo
1866 1343 2008 1410 quod
2042 1342 2159 1410 jam
2202 1346 2284 1393 est
2320 1358 2354 1392 a

454 1432 605 1482 nobis
645 1429 1015 1498 praelibatum,
1057 1444 1121 1477 ex
1169 1425 1313 1476 hisce
1360 1444 1550 1494 nempe
1599 1427 1850 1498 Collegiis
1899 1430 1966 1479 ad
2014 1428 2352 1479 Dominicam

455 1518 662 1568 vineam
689 1515 1042 1577 excolendam,
1066 1530 1172 1564 non
1191 1512 1360 1563 solum
1379 1514 1539 1580 pauci
1555 1513 1858 1581 Episcopali
1882 1514 2076 1564 honore
2088 1513 2354 1582 insigniti,

452 1603 542 1653 sed
568 1601 788 1668 operarii
813 1598 1079 1648 innumeri
1104 1597 1213 1648 zelo
1238 1602 1294 1648 et
1317 1597 1522 1664 pietate
1557 1598 1806 1667 insigneS,
1831 1615 2054 1667 quorum
2079 1598 2353 1650 indefessis

452 1687 714 1736 laboribus
738 1683 891 1734 Fidei
918 1681 1219 1733 Catholicae
1243 1698 1540 1750 progressus
1555 1683 1786 1733 maxime
1801 1687 1922 1751 post
1939 1681 2039 1734 Dei
2053 1683 2354 1736 miserantis

452 1771 768 1838 praestitum
793 1769 1198 1829 incrementum,
1223 1768 1364 1817 inter
1387 1783 1481 1817 nos
1505 1767 1741 1818 debetur.

596 1855 751 1904 Bases
794 1870 916 1922 ergo
954 1853 1121 1902 totius
1164 1852 1494 1902 educationis
1543 1858 1668 1902 sunt
1715 1852 1876 1904 ferme
1924 1853 2067 1917 illae,
2108 1871 2245 1922 quae
2291 1855 2352 1905 in

452 1940 702 2007 Collegiis
742 1955 872 2006 pure
916 1936 1300 1987 Ecclesiasticis
1340 1953 1431 1987 seu
1477 1935 1787 1989 Seminariis
1835 1940 2130 2008 generatim
2179 1943 2353 1991 statu-

452 2030 630 2077 untur.
705 2023 895 2075 Studia
919 2023 1081 2085 enim,
1105 2021 1335 2090 regulae,
1360 2022 1642 2090 disciplina
1666 2028 1723 2074 et
1751 2024 1971 2091 pietatis
1997 2024 2246 2075 exercitia
2270 2042 2350 2089 ea,

450 2112 571 2179 plus
594 2112 789 2172 minuS,
813 2109 871 2158 in
911 2107 1155 2158 omnibus
1198 2112 1340 2170 sunt,
1365 2124 1499 2174 quae
1541 2109 1601 2158 in
1642 2108 1929 2176 perillustri
1967 2109 2061 2160 illo
2102 2109 2350 2162 Duaceno

451 2195 704 2262 CollegiO,
744 2194 884 2261 quod
923 2193 1102 2243 omnia
1143 2197 1320 2242 nostra
1353 2193 1502 2243 velut
1526 2193 1737 2243 Almam
1762 2193 1994 2244 Matrem
2018 2201 2350 2260 venerantur,

448 2282 695 2349 quodque
731 2297 823 2347 per
863 2283 949 2329 tot
990 2279 1196 2329 saecula
1233 2296 1340 2329 non
1382 2284 1496 2330 tam
1547 2279 1837 2330 sacerdotes
1886 2296 2047 2346 quam
2089 2278 2349 2349 Martyres

452 2366 716 2416 Ecclesiae
752 2365 1060 2432 procreavit.
1148 2363 1382 2424 Quorum
1427 2364 1643 2431 quidem
1686 2365 1912 2432 vestigia
1955 2369 2011 2415 et
2051 2370 2348 2417 nostrorum

451 2447 804 2516 Collegiorum
843 2446 1045 2496 alumni
1086 2450 1401 2513 prementeS,
1442 2462 1549 2496 non
1592 2445 1761 2496 solum
1803 2445 2067 2497 laboribus
2108 2447 2252 2499 brevi
2293 2434 2350 2501 se

447 2533 655 2594 confici,
694 2532 783 2582 sed
826 2535 883 2582 et
922 2548 955 2581 a
995 2531 1084 2582 lue
1126 2536 1393 2599 grassante
1431 2533 1616 2599 quovis
1660 2537 1896 2598 tempore
1934 2533 2197 2600 extingui,
2222 2534 2348 2585 forti

448 2622 660 2685 pectore
683 2617 823 2683 passi
848 2621 988 2667 sunt.
1063 2617 1206 2666 Hinc
1249 2633 1368 2666 vere
1409 2633 1683 2683 possumus
1721 2633 2023 2680 asseverare,
2048 2619 2107 2667 in
2146 2619 2350 2670 studio-

448 2720 567 2752 rum
610 2701 868 2752 curriculo
911 2706 967 2752 et
1009 2702 1188 2752 ordine
1229 2702 1548 2768 praescripto
1589 2700 1848 2751 notabiles
1886 2704 2209 2753 mutationes
2241 2721 2348 2756 non

450 2785 558 2834 fore
582 2783 911 2844 necessarias,
935 2783 981 2832 si
1012 2782 1296 2849 aliquando
1338 2782 1462 2832 laici
1501 2782 1732 2849 amplius
1774 2782 1833 2832 in
1873 2782 1941 2833 iis
1980 2800 2086 2834 non
2128 2786 2349 2838 institu-

446 2873 620 2920 entur.

593 2952 831 3014 Etenim,
860 2954 907 3002 1.
957 2951 1309 3002 Humaniores
1337 2950 1544 3002 litteras
1568 2953 1701 3003 bene
1726 2953 1980 3004 docentur
2003 2955 2225 3019 alumni,
2249 2958 2346 3023 qui

449 3039 689 3090 studium
715 3037 1019 3106 linguarum
1043 3037 1380 3104 antiquarum
1422 3042 1486 3087 ut
1525 3038 1873 3088 fundamenta
1915 3041 2080 3090 totius
2123 3040 2343 3092 institu-

449 3123 612 3174 tionis
635 3122 921 3172 necessario
943 3137 1136 3188 ponere
1160 3121 1368 3171 debent.
1441 3121 1581 3171 Nam
1612 3122 1986 3186 Protestantes,
2012 3129 2193 3176 contra
2216 3143 2347 3192 quos

448 3213 531 3259 est
571 3206 1013 3268 contendendum,
1044 3206 1103 3255 in
1138 3205 1247 3255 illis
1289 3205 1621 3256 addiscendis
1666 3210 1837 3258 totam
1877 3208 1981 3258 fere
2029 3226 2239 3275 operam
2288 3215 2347 3261 et

448 3299 661 3360 tempus
702 3295 900 3355 tenmt‚
938 3290 1006 3341 ad
1047 3294 1227 3341 textus
1269 3290 1548 3358 originales
1586 3289 1724 3340 Novi
1767 3291 2095 3342 Testamenti
2143 3287 2200 3344 et
2249 3293 2342 3346 SS.

450 3379 669 3428 Patrum
693 3381 996 3444 provocant,
1020 3376 1303 3444 magnique
1327 3375 1463 3425 hanc
1487 3375 1839 3426 eruditionem
1865 3377 2086 3428 faciunt.

590 3464 674 3514 Ad
722 3479 851 3530 quas
898 3478 1015 3512 vero
1063 3461 1145 3528 adj
1153 3465 1363 3528 ungunt
1412 3461 1576 3509 nostri
1624 3461 1975 3510 recentiorum
2023 3462 2344 3515 idiomatum

447 3550 823 3617 cognitionem,
847 3546 1029 3615 gallici
1053 3544 1358 3613 praesertim
1383 3548 1440 3594 et
1462 3544 1649 3607 italici,
1674 3545 1742 3594 ad
1766 3561 1965 3594 sacram
1990 3547 2342 3599 erudit-ionem

446 3632 851 3699 comparandam
877 3646 983 3679 non
1006 3644 1194 3695 parum
1218 3627 1646 3677 conducentium.

591 3716 642 3764 2.
694 3712 950 3763 Similiter
973 3710 1309 3778 physicarum
1342 3709 1680 3758 scientiarum
1724 3712 1781 3758 et
1817 3708 2110 3760 matheseos
2151 3710 2338 3760 saltem
