2534 4374
995 481 1267 524 nscnmu.
1947 470 2066 526 155

327 622 458 674 Erat
505 625 672 693 igitur
726 626 824 677 hoc
878 629 1107 695 primum
1158 630 1326 680 totius
1388 629 1650 680 Ecclesiae
1712 629 2082 693 Seminarium,

181 705 378 760 Christi
419 707 631 760 Domini
678 711 1097 765 contubernium.
1175 713 1405 764 Ubinam
1450 732 1569 765 sane
1595 718 1852 782 gentium,
1878 718 1978 766 nisi
2006 718 2078 767 ibi

184 791 389 842 firmam
435 810 582 843 suam
626 801 682 845 et
722 795 999 847 sublimem
1044 797 1221 849 hausit
1270 797 1426 849 fidem
1471 801 1696 866 piscator
1740 800 1941 863 Petrus,
1992 802 2081 851 ubi

184 877 411 928 Thomas
453 879 636 929 ardens
662 880 977 931 desiderium
1004 881 1290 933 Dominum
1318 884 1384 933 ad
1410 901 1663 935 carcerem
1690 892 1744 936 et
1768 887 1834 937 ad
1863 895 2080 937 mortem

180 963 493 1025 comitandi,
533 963 626 1014 ubi
669 966 946 1032 praecipue
985 965 1213 1018 Joannes
1256 969 1447 1019 amoris
1490 970 1545 1020 in
1572 970 1742 1021 Deum
1769 979 1824 1021 et
1850 970 2083 1021 homines

182 1047 520 1115 disciplinam
546 1048 844 1112 coelestem,
868 1051 970 1101 nisi
998 1069 1060 1102 ex
1086 1052 1336 1103 diuturno
1361 1056 1619 1105 consortio
1644 1073 1764 1105 cum
1806 1056 2083 1106 lucarnata

188 1132 477 1200 Sapientia,
502 1133 631 1183 dum
657 1138 689 1164 “
710 1134 767 1184 in
788 1136 939 1186 terris
964 1138 1228 1203 apparuit,
1248 1143 1303 1188 et
1321 1156 1443 1189 cum
1464 1139 1766 1191 hominibus
1786 1148 2085 1191 conversata

182 1217 336 1269 est?’'
409 1218 484 1269 Et
506 1219 723 1287 quidem
749 1220 931 1270 divina
954 1222 1057 1271 ista
1076 1222 1315 1273 doctrina
1335 1241 1437 1274 non
1453 1242 1515 1275 ex
1532 1225 1757 1275 doctoris
1782 1226 2085 1276 sublimiore

182 1303 434 1354 cathedra
494 1321 614 1355 cum
675 1321 870 1372 pompa
918 1306 1291 1373 proferebatur,
1341 1310 1429 1359 sed
1478 1310 1656 1377 potius
1717 1310 1963 1361 familiari
2025 1327 2085 1360 ac

182 1388 440 1440 continuo
482 1389 741 1457 colloquio
766 1390 1148 1442 insinuebatur.
1224 1391 1312 1442 Sic
1335 1393 1478 1443 enim
1505 1410 1812 1445 convescens
1838 1400 2086 1462 pracepta

187 1474 262 1524 eis
300 1474 576 1534 tradebat3
630 1476 704 1525 sic
740 1492 1010 1543 nunquam
1050 1478 1288 1527 suaviora
1323 1483 1419 1528 aut
1458 1478 1754 1545 pulchriora
1791 1496 1854 1529 ex
1893 1478 2086 1529 Divina

188 1563 368 1609 mente
391 1559 635 1626 protulit,
659 1577 820 1627 quam
846 1577 969 1610 cum
995 1562 1051 1611 in
1078 1563 1331 1628 supremis
1357 1564 1463 1613 suis
1487 1562 1672 1630 epuli8‚
1698 1564 1761 1613 de
1786 1580 1962 1614 amore
1984 1581 2088 1630 quo

189 1644 245 1694 in
286 1644 405 1695 illos
447 1649 502 1696 et
543 1646 601 1695 in
626 1662 719 1696 nos
756 1646 988 1709 ardebat,
1011 1645 1172 1696 effata
1196 1646 1458 1711 coelestia,
1485 1647 1708 1698 facundo
1733 1665 1835 1710 ore,
1861 1664 2090 1715 pronun-

184 1730 368 1782 ciavit.

332 1815 502 1877 Quam
552 1834 765 1868 suorum
814 1816 1220 1867 instructionem
1268 1833 1375 1867 non
1424 1817 1593 1867 verbis
1642 1821 1854 1866 tantum
1905 1817 1990 1867 sed
2034 1822 2089 1867 et

188 1901 394 1953 actibus
443 1902 773 1969 complebat:
825 1917 932 1951 non
974 1905 1089 1952 tam
1133 1901 1418 1969 discipulos
1465 1906 1521 1951 et
1571 1919 1879 1952 successores
1929 1918 2086 1968 quam

190 1986 352 2037 socios
401 1990 458 2037 et
499 1992 758 2037 consortes
797 1987 856 2036 in
896 2003 989 2038 suo
1033 1987 1328 2037 ministerio
1377 1987 1682 2037 adsciscens.
1757 1986 1893 2036 Nam
1946 1986 2090 2035 velut

185 2071 367 2138 aquila
407 2071 581 2139 pullos
621 2088 738 2122 suos
780 2072 847 2122 ad
891 2071 1128 2121 volatum
1167 2071 1413 2134 incitans,
1456 2071 1575 2138 Ipse
1615 2071 1901 2139 discipulos
1942 2071 2091 2122 binos

189 2164 315 2208 ante
357 2175 410 2208 se
452 2158 831 2225 praemittebat
872 2157 931 2207 in
973 2174 1184 2207 omnem
1224 2156 1398 2207 locum
1426 2157 1518 2207 ubi
1543 2162 1656 2207 erat
1682 2157 1802 2224 Ipse
1827 2163 2090 2219 venturus,

188 2248 253 2294 ut
293 2243 655 2311 praedicarent
693 2242 909 2299 verbum
952 2241 1069 2303 Dei,
1111 2246 1450 2309 aegrotosque
1494 2246 1766 2294 sanarent:
1803 2243 1884 2293 ita
1907 2248 1971 2292 ut
1995 2243 2091 2292 sub

189 2328 428 2397 magistri
457 2327 623 2394 ipsius
662 2326 827 2377 oculis
852 2326 1221 2393 praeluderent
1244 2325 1525 2392 majoribus
1551 2326 1652 2377 sibi
1678 2328 2089 2377 committendis.

334 2412 711 2463 Perfectissimi
750 2411 1031 2463 Seminarii
1057 2411 1143 2460 hic
1170 2411 1390 2461 formam
1418 2411 1689 2474 habemus,
1715 2413 1770 2462 in
1795 2430 1898 2480 quo
1923 2414 2087 2463 futuri

187 2498 430 2549 custodes
453 2498 626 2567 gregis
650 2515 681 2548 a
705 2498 842 2549 bono
867 2502 1074 2564 pastore
1098 2497 1461 2557 instruuntur3
1498 2502 1554 2545 et
1577 2497 1644 2546 ad
1670 2514 1800 2564 opus
1826 2497 1907 2547 sui
1933 2497 2087 2548 officii

188 2585 555 2652 disponuntur.
649 2584 732 2634 En
782 2584 1033 2651 Princeps
1081 2583 1195 2651 ipse
1244 2582 1538 2644 Pastorum,
1588 2582 1878 2649 Episcopus
1926 2583 2090 2633 totius

192 2669 457 2721 Ecclesiae
499 2674 556 2720 et
581 2668 848 2732 Conditor,
887 2670 979 2737 qui
1003 2685 1110 2719 non
1135 2668 1452 2736 dedignatur
1476 2668 1706 2734 seipsum
1732 2668 1995 2735 imperitis
2029 2685 2090 2719 ac

189 2757 357 2807 etiam
400 2756 616 2806 rudibus
659 2756 851 2819 dicare,
889 2772 1018 2823 quos
1043 2755 1258 2822 quidem
1285 2754 1447 2804 etiam
1475 2753 1703 2820 expolire
1730 2754 1959 2820 primum
1985 2770 2086 2803 non

190 2841 467 2903 erubescit,
506 2845 562 2890 et
585 2848 715 2890 tunc
742 2857 832 2908 per
856 2840 1158 2891 convictum
1192 2838 1739 2905 necessitudinemque
1764 2845 2090 2905 perpetuam,

190 2927 299 2978 suis
345 2925 594 2989 moribuS‚
622 2926 831 2993 suisque
867 2924 1283 2993 cogitationibus
1325 2923 1538 2990 penitus
1574 2922 1825 2973 imbuere.
1901 2922 2089 2990 Sicque

190 3012 407 3062 tandem
445 3014 794 3078 praeparatOS,
836 3014 957 3077 post
982 3026 1184 3059 sacrum
1210 3024 1485 3069 secessum,
1511 3008 1706 3057 virtute
1734 3024 1868 3057 nova
1893 3026 1954 3058 ex
1980 3009 2088 3058 alto

189 3097 422 3159 indutOS,
461 3095 665 3163 Spiritu
706 3095 900 3146 Sancto
935 3094 1179 3162 repletos,
1205 3093 1394 3159 dignos
1419 3109 1542 3142 suae
1568 3091 1690 3142 fidei
1718 3109 2008 3159 praeconeS,
2034 3099 2089 3143 et

187 3183 271 3234 sui
309 3182 552 3249 perpetui
593 3180 870 3231 sacerdotii
913 3180 969 3229 in
1010 3183 1185 3229 totum
1220 3178 1397 3227 orbem
1424 3177 1706 3243 participes
1731 3177 2086 3228 demandavit.

189 3267 271 3317 Ex
295 3266 394 3317 hoc
418 3271 531 3316 tam
574 3266 853 3333 praeclaro,
890 3266 1055 3315 immo
1080 3265 1276 3315 Divino
1314 3263 1552 3329 exemplo
1592 3279 1810 3328 pronum
1838 3268 1949 3312 erat
1973 3280 2089 3329 pro—

187 3354 384 3421 spicere
424 3354 683 3403 immensa
726 3352 831 3403 fere
873 3351 1148 3402 commoda
1191 3350 1291 3400 toti
1336 3348 1599 3398 Ecclesiae
1648 3353 1911 3397 eventura.
1989 3348 2086 3397 Vix

190 3455 312 3507 ergo
350 3439 454 3488 tria
492 3437 663 3504 prima
706 3436 910 3486 saecula
951 3438 1289 3503 transegerat,
1316 3438 1588 3498 vestesque
1613 3433 1866 3498 sanguine
1894 3434 2087 3483 tinctas

190 3526 505 3584 mutaverat,
548 3539 668 3572 cum
712 3521 810 3571 viri
849 3520 1109 3587 sapientia
1134 3524 1189 3568 et
1212 3519 1414 3585 pietate
1438 3517 1669 3584 insignes
1694 3518 1758 3566 de
1784 3518 2083 3569 clericorum

190 3610 500 3660 educatione
542 3608 672 3658 serio
714 3606 960 3657 meditari
1004 3608 1060 3655 et
1100 3608 1374 3653 tentamen
1416 3602 1628 3668 aliquod
1674 3602 1813 3652 felici
1852 3621 2083 3654 successu

186 3699 488 3761 coeperunt.
563 3693 712 3743 Inter
759 3707 887 3758 quos
935 3690 1136 3756 primus
1194 3692 1276 3737 est
1323 3687 1807 3736 commemorandus
1859 3687 2084 3738 Sanctus

191 3778 548 3847 Hipponensis
591 3776 884 3844 Episcopus
921 3772 1265 3840 Augustinus,
1305 3771 1395 3838 qui
1422 3771 1476 3820 in
1506 3787 1651 3820 suam
1680 3771 1893 3821 domum
1921 3774 2084 3822 socios
