2534 4374
673 463 989 507 Paoonssus
1030 464 1096 507 ΙΝ
1140 464 1335 509 cAusrs
1376 465 1623 509 mrum.
1972 449 2096 510 403

192 613 648 676 communicanda,
667 629 867 681 semper
892 616 949 663 et
972 613 1414 683 quandocumque
1433 616 1476 684 ej
1487 633 1547 666 us
1574 617 1769 685 scripta
1792 622 1946 668 erunt
1972 619 2100 667 reci-

190 700 402 769 pienda,
444 715 506 750 ac
544 698 669 749 novi
714 699 930 749 termini
970 715 1032 750 eo
1074 698 1355 765 flagitante
1389 708 1545 752 erunt
1579 704 1911 772 prorogandi,
1943 708 2008 754 ut
2040 720 2101 754 ea

189 784 431 854 perficiat
455 788 514 835 et
538 783 803 835 exhibeat.

333 867 622 921 Praefinita
645 868 734 920 die
757 868 816 919 in
842 869 1098 922 citatione
1123 872 1454 940 comparebit
1479 873 1685 926 instans
1711 891 1805 943 pro
1831 874 2101 937 nullitate,

190 962 247 1009 et
287 961 418 1008 tunc
461 955 714 1007 Defensor
755 954 1091 1007 Matrimonii
1141 958 1314 1008 tradet
1368 959 1771 1028 interrogatoria
1810 960 2003 1023 clausa,
2045 965 2101 1010 et

190 1042 468 1113 obsignata
512 1039 835 1095 Cancellario
878 1057 969 1091 seu
1011 1040 1063 1091 N
1065 1043 1249 1106 otario,
1300 1045 1602 1111 aperienda,
1646 1046 1738 1096 illo
1782 1044 2101 1113 postulante,

191 1145 254 1180 ex
277 1127 314 1180 J
315 1128 487 1179 udicis
511 1126 719 1178 decreto
742 1124 802 1176 in
825 1128 950 1175 actu
976 1126 1252 1190 examinis,
1289 1145 1443 1194 super
1477 1130 1670 1197 quibus
1699 1130 2100 1197 interrogandus

190 1214 294 1266 erit
341 1210 534 1281 conjux
580 1212 786 1263 instans
834 1228 928 1279 pro
977 1198 1243 1263 nullitate.
1320 1213 1394 1263 Iis
1442 1231 1504 1265 ea
1552 1216 1712 1266 addet
1763 1216 1927 1265 etiam
1977 1221 2099 1264 actu

190 1299 449 1354 examinis
488 1315 553 1350 ex
591 1297 763 1349 officio
802 1297 997 1361 Judex,
1035 1314 1171 1365 quae
1204 1314 1268 1349 ex
1306 1300 1726 1367 responsionibus
1766 1302 1935 1368 magis
1975 1307 2100 1367 apta

190 1384 482 1454 conspiciet
504 1384 573 1435 ad
597 1383 880 1435 veritatem
904 1383 1207 1446 eruendam,
1241 1383 1352 1441 sive
1376 1385 1434 1434 in
1459 1384 1868 1436 declarationem
1894 1401 2101 1451 respon-

192 1471 401 1523 sionum
427 1470 688 1533 datarum,
726 1470 837 1521 sive
874 1486 1029 1537 super
1064 1470 1214 1520 novis
1252 1470 1669 1521 circumstantiis
1705 1470 2101 1529 resnltzmffibrm,

190 1556 330 1625 quod
369 1556 472 1608 erit
506 1554 919 1623 intelligendum
968 1554 1135 1605 etiam
1185 1554 1251 1605 de
1299 1553 1420 1604 aliis
1462 1555 1898 1624 interrogatoriiS,
1949 1572 2102 1622 super

191 1641 383 1711 quibus
407 1640 602 1692 coeteri
626 1656 826 1704 omnes,
850 1639 915 1690 de
938 1656 994 1691 re
1017 1639 1287 1703 instructi,
1313 1643 1469 1690 erunt
1496 1641 1853 1692 examinandi.

337 1724 471 1778 Cum
510 1715 693 1794 itaque
731 1724 1006 1776 advenerit
1044 1728 1250 1776 statuta
1282 1724 1412 1789 dies,
1437 1742 1556 1793 pars
1581 1725 1889 1776 nullitatem
1915 1726 2104 1776 Matri-

192 1812 361 1864 monii
409 1811 642 1880 allegans
690 1809 1035 1879 comparebit,
1084 1814 1149 1861 ut
1195 1827 1350 1879 supra
1405 1810 1631 1874 dictum,
1675 1828 1851 1861 coram
1895 1809 1930 1861 J
1933 1810 2103 1870 udice,

191 1899 437 1950 adstante
472 1897 750 1948 Defensore
785 1895 1123 1948 Matrimonii
1165 1900 1222 1947 et
1266 1895 1607 1948 cancellario,
1681 1896 1717 1947 J
1721 1897 1856 1947 udex
1907 1896 2104 1946 deferet

192 1983 334 2053 parti
370 1982 735 2034 examinandae
768 1981 1138 2049 juramentum
1178 1981 1245 2032 de
1268 1982 1492 2032 veritate
1531 1980 1773 2044 dicenda,
1816 1986 1872 2032 et
1915 1982 2104 2032 deinde

191 2068 442 2122 reserabit
478 2067 882 2136 interrogatoria
924 2067 1180 2130 exhibita,
1205 2071 1270 2118 ut
1295 2085 1451 2135 supra
1495 2067 1706 2118 dictum
1732 2072 1830 2131 est,
1857 2084 1888 2118 a
1915 2067 2104 2119 Defen-

192 2173 301 2209 sore
325 2154 681 2217 Matrimonii,
703 2170 868 2221 eaque
888 2152 1203 2222 singulatim
1227 2156 1503 2221 proponet,
1523 2153 1708 2204 audiet
1732 2154 2104 2222 responsioneS‚

193 2257 384 2310 easque
408 2240 637 2292 dictabit
662 2238 1002 2292 cancellario·

337 2327 564 2378 Interim
600 2326 732 2377 dum
767 2342 887 2394 pars
924 2325 1027 2376 erit
1063 2326 1432 2389 examinanda,
1470 2326 1583 2394 ipse
1625 2323 1980 2377 Cancellarius
2019 2343 2106 2376 ex-

195 2414 379 2468 scribit
402 2413 460 2463 in
484 2428 726 2480 processu
750 2410 980 2479 primam
996 2411 1485 2478 interrogationem,
1512 2416 1566 2462 et
1596 2411 1844 2479 deinceps
1873 2412 2106 2481 singulas

196 2516 261 2552 ex
297 2499 495 2560 ordine,
525 2502 646 2565 post
680 2513 828 2566 quaS,
861 2497 1053 2548 scribet
1087 2498 1446 2566 responsiones
1470 2514 1502 2547 a
1527 2496 1561 2547 J
1565 2497 1720 2547 udice
1744 2497 1829 2548 vel
1855 2513 1888 2548 a
1913 2497 2106 2547 Defen-

195 2602 307 2638 sore
330 2583 683 2646 Matrimonii,
710 2580 1062 2634 Cancellarius
1085 2582 1441 2654 interrumpet
1456 2582 1698 2634 ordinem
1714 2583 2106 2652 progressivum

194 2675 251 2723 et
274 2669 555 2722 adnotabit
586 2666 932 2735 &ntes-royac,
969 2664 1269 2737 ecc-officim
1308 2673 1364 2719 et
1393 2667 1591 2735 scripta
1615 2668 2028 2736 interrogatione
2051 2672 2107 2718 et

195 2756 543 2824 responsione,
586 2758 872 2805 reassumet
911 2754 1151 2806 ordinem
1194 2754 1582 2824 progressivum
1625 2753 2103 2821 interrogationum

197 2838 553 2891 exhibitarum
578 2852 610 2887 a
634 2835 916 2888 Defensore
940 2836 1294 2888 Matrimonii.

342 2923 402 2976 Si
444 2938 665 2974 examen
706 2920 816 2972 una
850 2911 1078 2973 sessione
1116 2922 1318 2974 absolvi
1355 2937 1461 2973 non
1503 2921 1720 2989 poterit,
1756 2920 1792 2972 J
1794 2921 1932 2972 udex
1969 2921 2106 2972 illud

198 3005 499 3075 suspendet,
522 3021 584 3056 ao
610 3004 901 3055 destinabit
923 3005 1090 3055 etiam
1115 3005 1261 3056 diem
1286 3008 1344 3056 et
1367 3003 1550 3055 horam
1574 3021 1668 3072 pro
1692 3003 2106 3070 reassumptione

198 3096 254 3145 et
277 3090 641 3160 prosecutione
664 3089 908 3142 facienda
940 3090 1127 3142 eodem
1151 3090 1309 3142 modo
1333 3107 1395 3142 ac
1419 3089 1605 3153 forma,
1629 3094 1694 3140 ut
1719 3106 1874 3157 supra
1899 3090 2106 3139 dictum

199 3181 296 3230 est.
370 3175 626 3227 Absoluto
648 3177 908 3240 examine,
935 3174 1288 3228 cancellarius
1326 3176 1470 3244 leget
1506 3174 1647 3226 clara
1672 3179 1728 3225 et
1752 3174 2104 3243 intelligibilli

199 3283 322 3320 vose
355 3265 712 3334 responsiones
751 3264 920 3324 datas,
961 3264 1105 3316 facta
1143 3259 1444 3316 examinato
1489 3264 1745 3314 facultate
1771 3263 2026 3326 variandi,
2053 3271 2107 3313 et

200 3350 500 3405 declarandi
523 3350 675 3402 datas
708 3350 1081 3418 responsione8‚
1118 3355 1277 3418 prout
1302 3351 1352 3400 ei
1377 3349 1610 3400 libuerit.
1685 3348 1922 3398 Tandem
1940 3349 2106 3416 judex

201 3437 401 3489 deferat
416 3436 784 3504 juramentum
822 3436 994 3486 eidem
1030 3434 1263 3504 conjugi,
1289 3452 1343 3485 se
1368 3451 1487 3484 vera
1524 3434 1737 3495 dixisse,
1774 3438 1934 3500 atque
1972 3450 2107 3484 nun-

201 3539 364 3591 quam
402 3525 528 3572 ante
565 3519 983 3588 publicationem
1021 3520 1285 3588 processus
1311 3536 1365 3570 se
1389 3518 1762 3587 evulgaturum
1800 3518 1910 3569 sive
1947 3518 2107 3569 inter-

200 3607 498 3678 rogationes
551 3605 861 3672 propositas,
915 3605 1024 3655 sive
1084 3605 1440 3671 responsiones
1495 3604 1661 3653 datas,
1736 3601 1940 3653 Deinde
1995 3604 2107 3670 ipse

204 3691 507 3754 subscribet,
546 3695 603 3741 et
643 3690 691 3740 si
733 3690 895 3741 fuerit
935 3690 1237 3754 illiteratuS,
1279 3706 1373 3756 per
1411 3689 1627 3756 signum
1671 3685 1933 3748 Crufflci83
1983 3688 2106 3739 dein
