2534 4374
922 501 1168 545 APPEND.
1212 502 1379 546 xxm.
1976 487 2059 548 73

174 648 510 717 peculiariter
532 650 772 702 eamdem
797 651 1107 702 methodum
1134 653 1600 704 commendandam
1627 655 1874 716 decrevit,
1900 661 2064 722 utque

175 734 386 800 insuper
424 734 711 786 Instruct-io
749 735 816 803 (¹)
864 737 1152 787 traderetur
1193 754 1359 804 nuper
1405 738 1550 788 edita
1587 755 1678 805 pro
1726 739 2066 790 missionariis

151 818 498 887 ‚regularibus
556 821 699 887 apud
757 819 926 872 Sinas.
1033 820 1308 873 Sententia
1370 821 1423 874 S.
1487 821 1918 891 congregationis
1974 840 2066 891 per

173 901 580 954 Sanctissimum
606 904 671 956 D.
697 904 764 956 N.
791 906 1008 972 probata
1034 906 1368 957 Eminentiae
1393 907 1537 958 Tuae
1570 907 1821 975 peculiari
1845 908 2066 975 epistola

174 987 467 1051 exhibetur,
507 1006 640 1056 quae
679 991 982 1058 appendicis
1020 992 1175 1042 modo
1214 992 1431 1043 decretis
1472 992 1806 1059 synodalibus
1844 993 2063 1059 adjungi

176 1071 366 1134 valeat,
385 1074 644 1141 simulque
668 1076 1005 1144 porriguntur
1023 1081 1342 1127 memoratae
1361 1076 1723 1127 instructionis
1749 1077 2065 1145 exemplaria

175 1157 448 1221 nonnulla,
471 1164 535 1208 ut
561 1159 853 1227 Episcopis,
877 1165 934 1210 et
957 1159 1320 1228 Superioribus
1354 1162 1598 1213 ordinum
1624 1161 1940 1231 regularium
1975 1180 2066 1231 per

178 1241 297 1292 Em.
323 1242 492 1293 Tuam
517 1244 801 1295 manifesta
826 1246 1009 1298 eadam
1034 1246 1296 1297 reddatur.

320 1327 531 1380 Interea
568 1344 757 1381 manus
792 1330 1136 1398 obsequenter
1166 1330 1468 1383 deosculans
1506 1348 1693 1384 maneo
1731 1332 2065 1384 Eminentiae

174 1412 292 1463 Tua

293 1428 324 1465 Θ
771 1484 1124 1538 Humillimus
1149 1491 1205 1538 et
1228 1488 1620 1539 addictissimus
1645 1488 1890 1551 famulus,

1038 1571 1092 1625 J.
1118 1572 1217 1624 Ph.
1246 1571 1417 1625 CARD.
1445 1573 1747 1636 ἙΒΑΝΒΟΝΙ,
1770 1571 1959 1641 Praef.

177 1660 498 1714 Londinum.
1311 1663 1395 1715 Al.
1423 1663 1700 1726 BARNABb,
1737 1680 1774 1715 a
1796 1662 2029 1715 secretis.

320 1746 755 1800 Eminentissimo
770 1762 831 1799 ac
842 1746 1293 1800 Reverendissimo
1307 1747 1535 1799 Domino
1545 1746 1695 1800 Gard.
1703 1747 1771 1800 N.
1783 1748 2067 1812 Wiseman,

169 1832 580 1903 Archiepiscopo
603 1824 1161 1886 Westmonasteriensi.

1014 2112 1231 2166 XXIII.

533 2247 634 2302 DE
681 2247 1079 2303 EXERCITIO
1128 2246 1712 2302 PONTIFICALIUM

231 2377 471 2430 ‘EXTRA
515 2379 867 2430 PROPRIAM
915 2379 1280 2429 DIOECESIM
1326 2379 1661 2430 EPISCOPIS
1706 2378 2006 2428 ANGLIAE

955 2485 1298 2535 CONCESSO.

676 2604 800 2645 DEO.
836 2604 882 2645 S.
919 2604 1082 2644 CONG.
1118 2604 1193 2652 DE
1228 2604 1384 2644 PROP.
1422 2603 1569 2644 FIDE.

321 2724 404 2777 Ex
440 2724 771 2793 negligentia
810 2724 1118 2776 antistitum
1143 2725 1280 2775 circa
1309 2741 1438 2776 onus
1466 2725 1778 2776 residentiae
1802 2724 1844 2774 si
1870 2722 2067 2789 ubique

170 2810 318 2862 >mala
341 2810 647 2880 gravissima
671 2809 995 2871 obvenirent,
1021 2809 1356 2876 potissimum
1380 2809 1437 2860 id
1465 2809 1606 2860 valet
1637 2809 1807 2876 quoad
1833 2809 2065 2876 regiones

177 2897 236 2947 in
249 2896 442 2964 quibus
459 2895 528 2947 ob
544 2894 917 2945 admistionem
934 2893 1232 2945 infidelium
1247 2894 1329 2945 vel
1347 2893 1726 2944 haereticorum
1744 2894 2066 2962 gravioribus

178 2980 424 3049 periculis
447 2979 628 3030 fideles
652 2978 1005 3046 objiciuntur:
1043 2979 1262 3046 proinde
1286 2977 1560 3046 Episcopis
1585 2984 1641 3029 et
1658 2978 1879 3029 Vicariis
1904 2979 2066 3044 Apos-

178 3066 354 3116 tolicis
376 3064 670 3133 regionum,
694 3064 762 3114 ad
786 3079 915 3131 quas
940 3063 994 3115 S.
1021 3061 1453 3133 congregationis
1477 3064 1541 3114 de
1566 3063 1908 3132 Propaganda
1934 3062 2066 3112 Fide

179 3150 481 3202 sollicitudo
517 3148 837 3212 extenditur,
868 3149 1133 3200 indictum
1170 3149 1311 3199 haud
1345 3148 1503 3199 semel
1533 3148 1658 3209 fuit,
1690 3164 1756 3198 ne
1781 3152 1926 3198 extra
1949 3164 2066 3214 pro-

179 3237 350 3304 priam
386 3235 686 3297 dioecesim,
710 3233 795 3285 vel
830 3233 1163 3297 vicariatum,
1187 3232 1515 3302 pontificalia
1538 3233 1701 3283 etiam
1726 3232 1790 3282 de
1815 3248 2062 3282 consensu

175 3320 575 3372 ordinariorum
599 3323 888 3371 exerceant.

322 3405 481 3457 Porro
528 3421 652 3456 cum
700 3404 933 3455 dubitari
969 3404 1111 3455 haud
1153 3403 1327 3455 valeat
1366 3404 1433 3454 de
1474 3402 1651 3453 studio
1686 3401 2060 3469 Episcoporum

180 3491 404 3561 Angliae
464 3491 524 3541 in
575 3489 880 3558 hujusmodi
927 3489 1240 3540 residentiae
1299 3488 1416 3556 lege
1475 3486 1739 3547 servanda,
1798 3486 2063 3552 iidemque

53 3631 84 3651 ›.
177 3575 563 3653 postulaverint
608 3580 674 3626 ut
719 3579 868 3627 tenor
914 3574 1122 3643 regulae
1170 3571 1469 3640 hujusmodi
1518 3571 1574 3620 in
1624 3587 1775 3621 suum
1836 3571 2061 3621 favorem

181 3661 455 3726 relaxetur,
481 3659 535 3713 S.
562 3658 910 3730 Congregatio
946 3660 1013 3711 de
1047 3657 1393 3727 Propaganda
1432 3655 1584 3719 Fide,
1609 3655 1665 3705 in
1689 3654 1915 3724 generali
1942 3671 2064 3706 con-

308 3815 366 3870 (1)
404 3815 499 3858 Vide
523 3813 714 3868 Append.
736 3813 810 3866 V„
832 3812 936 3854 Pars
954 3812 1043 3861 111,
1065 3824 1105 3865 p.
1132 3814 1197 3853 92.
