<?xml version="1.0" encoding="UTF-8"?>
<!DOCTYPE html PUBLIC "-//W3C//DTD XHTML 1.0 Transitional//EN"
    "http://www.w3.org/TR/xhtml1/DTD/xhtml1-transitional.dtd">
<html xmlns="http://www.w3.org/1999/xhtml" xml:lang="en" lang="en">
 <head>
  <title>
</title>
<meta http-equiv="Content-Type" content="text/html;charset=utf-8" />
  <meta name='ocr-system' content='tesseract 3.04.00' />
  <meta name='ocr-capabilities' content='ocr_page ocr_carea ocr_par ocr_line ocrx_word'/>
</head>
<body>
  <div class='ocr_page' id='page_1' title='image "a613744800cathuoft_0076.png"; bbox 0 0 2534 4374; ppageno 0'>
   <div class='ocr_carea' id='block_1_1' title="bbox 410 519 1720 585">
    <p class='ocr_par' dir='ltr' id='par_1_1' title="bbox 410 519 1720 585">
     <span class='ocr_line' id='line_1_1' title="bbox 410 519 1720 585; baseline -0.01 6"><span class='ocrx_word' id='word_1_1' title='bbox 410 519 493 581; x_wconf 88' lang='grc'>58</span> <span class='ocrx_word' id='word_1_2' title='bbox 989 541 1156 585; x_wconf 82' lang='lat' dir='ltr'>coNc.</span> <span class='ocrx_word' id='word_1_3' title='bbox 1201 539 1367 583; x_wconf 73' lang='lat' dir='ltr'>Pnov.</span> <span class='ocrx_word' id='word_1_4' title='bbox 1410 537 1633 580; x_wconf 76' lang='lat' dir='ltr'>wner.</span> <span class='ocrx_word' id='word_1_5' title='bbox 1680 537 1720 578; x_wconf 92' lang='lat'>1.</span> 
     </span>
    </p>
   </div>
   <div class='ocr_carea' id='block_1_2' title="bbox 401 700 2311 3493">
    <p class='ocr_par' dir='ltr' id='par_1_2' title="bbox 404 700 2309 1112">
     <span class='ocr_line' id='line_1_2' title="bbox 405 700 2308 774; baseline 0.001 -23"><span class='ocrx_word' id='word_1_6' title='bbox 405 701 473 752; x_wconf 88' lang='lat' dir='ltr'>ab</span> <span class='ocrx_word' id='word_1_7' title='bbox 499 703 862 756; x_wconf 88' lang='lat' dir='ltr'>ecclesiasticis</span> <span class='ocrx_word' id='word_1_8' title='bbox 900 707 1042 769; x_wconf 88' lang='lat' dir='ltr'>viris,</span> <span class='ocrx_word' id='word_1_9' title='bbox 1067 707 1162 774; x_wconf 88' lang='lat' dir='ltr'>qui</span> <span class='ocrx_word' id='word_1_10' title='bbox 1198 706 1355 756; x_wconf 87' lang='lat' dir='ltr'>sacris</span> <span class='ocrx_word' id='word_1_11' title='bbox 1380 702 1636 756; x_wconf 84' lang='lat' dir='ltr'>obeundis</span> <span class='ocrx_word' id='word_1_12' title='bbox 1671 701 1977 752; x_wconf 92' lang='lat' dir='ltr'>muneribus</span> <span class='ocrx_word' id='word_1_13' title='bbox 2011 701 2152 752; x_wconf 87' lang='lat' dir='ltr'>inter</span> <span class='ocrx_word' id='word_1_14' title='bbox 2175 700 2308 752; x_wconf 87' lang='lat' dir='ltr'>alios</span> 
     </span>
     <span class='ocr_line' id='line_1_3' title="bbox 404 787 2309 858; baseline 0 -22"><span class='ocrx_word' id='word_1_15' title='bbox 404 789 797 854; x_wconf 84' lang='lat' dir='ltr'>praestiterunt,</span> <span class='ocrx_word' id='word_1_16' title='bbox 821 793 1159 858; x_wconf 89' lang='lat' dir='ltr'>potissimum</span> <span class='ocrx_word' id='word_1_17' title='bbox 1174 808 1294 842; x_wconf 90' lang='lat' dir='ltr'>vero</span> <span class='ocrx_word' id='word_1_18' title='bbox 1318 788 1626 841; x_wconf 89' lang='lat' dir='ltr'>testimonio</span> <span class='ocrx_word' id='word_1_19' title='bbox 1652 787 2031 854; x_wconf 87' lang='lat' dir='ltr'>Episcoporum</span> <span class='ocrx_word' id='word_1_20' title='bbox 2054 804 2149 854; x_wconf 87' lang='lat' dir='ltr'>pro</span> <span class='ocrx_word' id='word_1_21' title='bbox 2172 791 2309 837; x_wconf 90' lang='lat' dir='ltr'>tem-</span> 
     </span>
     <span class='ocr_line' id='line_1_4' title="bbox 405 871 2306 942; baseline 0 -21"><span class='ocrx_word' id='word_1_22' title='bbox 405 888 528 937; x_wconf 83' lang='lat' dir='ltr'>pore</span> <span class='ocrx_word' id='word_1_23' title='bbox 571 874 931 938; x_wconf 85' lang='lat' dir='ltr'>existentium‚</span> <span class='ocrx_word' id='word_1_24' title='bbox 973 876 1218 926; x_wconf 80' lang='lat' dir='ltr'>nonnulli</span> <span class='ocrx_word' id='word_1_25' title='bbox 1257 873 1593 942; x_wconf 88' lang='lat' dir='ltr'>Apostolicae</span> <span class='ocrx_word' id='word_1_26' title='bbox 1617 871 1742 923; x_wconf 85' lang='lat' dir='ltr'>Sedi</span> <span class='ocrx_word' id='word_1_27' title='bbox 1767 871 2217 935; x_wconf 71' lang='lat' dir='ltr'>commendentur,</span> <span class='ocrx_word' id='word_1_28' title='bbox 2241 888 2306 922; x_wconf 88' lang='lat' dir='ltr'>ex</span> 
     </span>
     <span class='ocr_line' id='line_1_5' title="bbox 405 956 2307 1028; baseline 0.002 -23"><span class='ocrx_word' id='word_1_29' title='bbox 405 956 597 1022; x_wconf 89' lang='lat' dir='ltr'>quibus</span> <span class='ocrx_word' id='word_1_30' title='bbox 639 959 820 1009; x_wconf 89' lang='lat' dir='ltr'>eadem</span> <span class='ocrx_word' id='word_1_31' title='bbox 858 960 926 1010; x_wconf 90' lang='lat' dir='ltr'>ad</span> <span class='ocrx_word' id='word_1_32' title='bbox 973 960 1324 1028; x_wconf 88' lang='lat' dir='ltr'>episcopalem</span> <span class='ocrx_word' id='word_1_33' title='bbox 1359 958 1604 1027; x_wconf 91' lang='lat' dir='ltr'>gradum,</span> <span class='ocrx_word' id='word_1_34' title='bbox 1645 973 1806 1025; x_wconf 92' lang='lat' dir='ltr'>quem</span> <span class='ocrx_word' id='word_1_35' title='bbox 1846 958 2018 1027; x_wconf 87' lang='lat' dir='ltr'>magis</span> <span class='ocrx_word' id='word_1_36' title='bbox 2053 956 2307 1009; x_wconf 93' lang='lat' dir='ltr'>idoneum</span> 
     </span>
     <span class='ocr_line' id='line_1_6' title="bbox 406 1042 1094 1112; baseline 0.009 -22"><span class='ocrx_word' id='word_1_37' title='bbox 406 1042 664 1092; x_wconf 73' lang='lat' dir='ltr'>censuerit</span> <span class='ocrx_word' id='word_1_38' title='bbox 686 1043 880 1112; x_wconf 83' lang='lat' dir='ltr'>eligere</span> <span class='ocrx_word' id='word_1_39' title='bbox 903 1045 1094 1096; x_wconf 87' lang='lat' dir='ltr'>valeat.</span> 
     </span>
    </p>

    <p class='ocr_par' dir='ltr' id='par_1_3' title="bbox 402 1124 2311 1689">
     <span class='ocr_line' id='line_1_7' title="bbox 549 1124 2309 1197; baseline 0.001 -21"><span class='ocrx_word' id='word_1_40' title='bbox 549 1124 950 1180; x_wconf 75' lang='lat' dir='ltr'>Commendatio</span> <span class='ocrx_word' id='word_1_41' title='bbox 985 1147 1105 1181; x_wconf 88' lang='lat' dir='ltr'>vero</span> <span class='ocrx_word' id='word_1_42' title='bbox 1129 1129 1437 1197; x_wconf 90' lang='lat' dir='ltr'>hujusmodi</span> <span class='ocrx_word' id='word_1_43' title='bbox 1460 1128 1603 1179; x_wconf 87' lang='lat' dir='ltr'>tanti</span> <span class='ocrx_word' id='word_1_44' title='bbox 1638 1128 1898 1178; x_wconf 92' lang='lat' dir='ltr'>momenti</span> <span class='ocrx_word' id='word_1_45' title='bbox 1922 1143 2031 1178; x_wconf 89' lang='lat' dir='ltr'>esse</span> <span class='ocrx_word' id='word_1_46' title='bbox 2054 1126 2309 1190; x_wconf 88' lang='lat' dir='ltr'>noscitur,</span> 
     </span>
     <span class='ocr_line' id='line_1_8' title="bbox 404 1211 2311 1277; baseline 0.002 -18"><span class='ocrx_word' id='word_1_47' title='bbox 404 1213 466 1260; x_wconf 92' lang='lat' dir='ltr'>ut</span> <span class='ocrx_word' id='word_1_48' title='bbox 488 1211 740 1277; x_wconf 90' lang='lat' dir='ltr'>inspectis</span> <span class='ocrx_word' id='word_1_49' title='bbox 763 1215 1302 1267; x_wconf 85' lang='lat' dir='ltr'>animadversionibus</span> <span class='ocrx_word' id='word_1_50' title='bbox 1327 1215 1395 1266; x_wconf 87' lang='lat' dir='ltr'>ab</span> <span class='ocrx_word' id='word_1_51' title='bbox 1419 1213 1855 1264; x_wconf 85' lang='lat' dir='ltr'>Eminentissimo</span> <span class='ocrx_word' id='word_1_52' title='bbox 1879 1229 1941 1263; x_wconf 90' lang='lat' dir='ltr'>ac</span> <span class='ocrx_word' id='word_1_53' title='bbox 1966 1211 2311 1263; x_wconf 88' lang='lat' dir='ltr'>Reverendis-</span> 
     </span>
     <span class='ocr_line' id='line_1_9' title="bbox 403 1295 2305 1352; baseline 0.001 -8"><span class='ocrx_word' id='word_1_54' title='bbox 403 1295 537 1346; x_wconf 90' lang='lat' dir='ltr'>simo</span> <span class='ocrx_word' id='word_1_55' title='bbox 553 1295 781 1348; x_wconf 89' lang='lat' dir='ltr'>Domino</span> <span class='ocrx_word' id='word_1_56' title='bbox 799 1298 851 1349; x_wconf 93' lang='lat' dir='ltr'>N</span> <span class='ocrx_word' id='word_1_57' title='bbox 852 1298 1022 1351; x_wconf 89' lang='lat' dir='ltr'>icolao</span> <span class='ocrx_word' id='word_1_58' title='bbox 1042 1299 1096 1352; x_wconf 84' lang='lat' dir='ltr'>S.</span> <span class='ocrx_word' id='word_1_59' title='bbox 1112 1300 1179 1351; x_wconf 88' lang='lat' dir='ltr'>R.</span> <span class='ocrx_word' id='word_1_60' title='bbox 1200 1301 1263 1352; x_wconf 89' lang='lat' dir='ltr'>E.</span> <span class='ocrx_word' id='word_1_61' title='bbox 1280 1298 1553 1352; x_wconf 80' lang='lat' dir='ltr'>Cardinali</span> <span class='ocrx_word' id='word_1_62' title='bbox 1567 1299 1838 1349; x_wconf 89' lang='lat' dir='ltr'>Wiseman</span> <span class='ocrx_word' id='word_1_63' title='bbox 1852 1314 1913 1348; x_wconf 93' lang='lat' dir='ltr'>ac</span> <span class='ocrx_word' id='word_1_64' title='bbox 1929 1296 2044 1348; x_wconf 78' lang='lat' dir='ltr'>RB.</span> <span class='ocrx_word' id='word_1_65' title='bbox 2060 1297 2170 1347; x_wconf 91' lang='lat' dir='ltr'>PP.</span> <span class='ocrx_word' id='word_1_66' title='bbox 2188 1295 2305 1347; x_wconf 91' lang='lat' dir='ltr'>DD.</span> 
     </span>
     <span class='ocr_line' id='line_1_10' title="bbox 403 1378 2311 1452; baseline 0.002 -23"><span class='ocrx_word' id='word_1_67' title='bbox 403 1378 677 1448; x_wconf 89' lang='lat' dir='ltr'>Episcopis</span> <span class='ocrx_word' id='word_1_68' title='bbox 714 1383 939 1452; x_wconf 92' lang='lat' dir='ltr'>Angliae</span> <span class='ocrx_word' id='word_1_69' title='bbox 966 1386 1208 1449; x_wconf 76' lang='lat' dir='ltr'>redditis,</span> <span class='ocrx_word' id='word_1_70' title='bbox 1231 1403 1294 1436; x_wconf 90' lang='lat' dir='ltr'>ac</span> <span class='ocrx_word' id='word_1_71' title='bbox 1329 1403 1386 1436; x_wconf 91' lang='lat' dir='ltr'>re</span> <span class='ocrx_word' id='word_1_72' title='bbox 1422 1388 1664 1436; x_wconf 89' lang='lat' dir='ltr'>accurate</span> <span class='ocrx_word' id='word_1_73' title='bbox 1700 1399 1970 1452; x_wconf 90' lang='lat' dir='ltr'>perpensa,</span> <span class='ocrx_word' id='word_1_74' title='bbox 1997 1382 2051 1434; x_wconf 88' lang='lat' dir='ltr'>S.</span> <span class='ocrx_word' id='word_1_75' title='bbox 2079 1381 2311 1452; x_wconf 86' lang='lat' dir='ltr'>Congre-</span> 
     </span>
     <span class='ocr_line' id='line_1_11' title="bbox 402 1466 2308 1539; baseline 0.003 -24"><span class='ocrx_word' id='word_1_76' title='bbox 402 1466 549 1534; x_wconf 89' lang='lat' dir='ltr'>gatio</span> <span class='ocrx_word' id='word_1_77' title='bbox 591 1467 656 1518; x_wconf 95' lang='lat' dir='ltr'>de</span> <span class='ocrx_word' id='word_1_78' title='bbox 698 1468 1044 1539; x_wconf 88' lang='lat' dir='ltr'>Propaganda</span> <span class='ocrx_word' id='word_1_79' title='bbox 1083 1470 1235 1535; x_wconf 89' lang='lat' dir='ltr'>Fide,</span> <span class='ocrx_word' id='word_1_80' title='bbox 1273 1472 1333 1521; x_wconf 90' lang='lat' dir='ltr'>in</span> <span class='ocrx_word' id='word_1_81' title='bbox 1367 1470 1604 1539; x_wconf 87' lang='lat' dir='ltr'>generali</span> <span class='ocrx_word' id='word_1_82' title='bbox 1641 1473 1907 1521; x_wconf 91' lang='lat' dir='ltr'>conventu</span> <span class='ocrx_word' id='word_1_83' title='bbox 1941 1468 2124 1519; x_wconf 89' lang='lat' dir='ltr'>habito</span> <span class='ocrx_word' id='word_1_84' title='bbox 2161 1468 2247 1519; x_wconf 91' lang='lat' dir='ltr'>die</span> <span class='ocrx_word' id='word_1_85' title='bbox 2272 1470 2308 1520; x_wconf 84' lang='lat'><strong><em>5</em></strong></span> 
     </span>
     <span class='ocr_line' id='line_1_12' title="bbox 402 1550 2307 1624; baseline 0.002 -24"><span class='ocrx_word' id='word_1_86' title='bbox 402 1550 599 1618; x_wconf 86' lang='lat' dir='ltr'>Aprilis</span> <span class='ocrx_word' id='word_1_87' title='bbox 650 1555 806 1618; x_wconf 87' lang='lat'>1852,</span> <span class='ocrx_word' id='word_1_88' title='bbox 854 1556 1109 1624; x_wconf 83' lang='lat' dir='ltr'>peculiari</span> <span class='ocrx_word' id='word_1_89' title='bbox 1156 1557 1507 1610; x_wconf 87' lang='lat' dir='ltr'>instructione</span> <span class='ocrx_word' id='word_1_90' title='bbox 1553 1554 1866 1608; x_wconf 72' lang='lat' dir='ltr'>methodum</span> <span class='ocrx_word' id='word_1_91' title='bbox 1912 1554 2307 1623; x_wconf 88' lang='lat' dir='ltr'>proponendam</span> 
     </span>
     <span class='ocr_line' id='line_1_13' title="bbox 405 1638 680 1689; baseline 0.018 -5"><span class='ocrx_word' id='word_1_92' title='bbox 405 1638 680 1689; x_wconf 85' lang='lat' dir='ltr'>censuerit.</span> 
     </span>
    </p>

    <p class='ocr_par' dir='ltr' id='par_1_4' title="bbox 401 1721 2309 2386">
     <span class='ocr_line' id='line_1_14' title="bbox 547 1721 2309 1796; baseline 0.003 -24"><span class='ocrx_word' id='word_1_93' title='bbox 547 1721 684 1773; x_wconf 85' lang='lat' dir='ltr'>Cum</span> <span class='ocrx_word' id='word_1_94' title='bbox 709 1724 1000 1794; x_wconf 88' lang='lat' dir='ltr'>Episcopus</span> <span class='ocrx_word' id='word_1_95' title='bbox 1037 1730 1118 1778; x_wconf 90' lang='lat' dir='ltr'>est</span> <span class='ocrx_word' id='word_1_96' title='bbox 1154 1727 1574 1790; x_wconf 82' lang='lat' dir='ltr'>constituenduS‚</span> <span class='ocrx_word' id='word_1_97' title='bbox 1599 1726 1964 1794; x_wconf 88' lang='lat' dir='ltr'>capitulariter</span> <span class='ocrx_word' id='word_1_98' title='bbox 1987 1726 2309 1796; x_wconf 86' lang='lat' dir='ltr'>dignitarius</span> 
     </span>
     <span class='ocr_line' id='line_1_15' title="bbox 404 1809 2309 1879; baseline 0.003 -21"><span class='ocrx_word' id='word_1_99' title='bbox 404 1811 460 1858; x_wconf 91' lang='lat' dir='ltr'>et</span> <span class='ocrx_word' id='word_1_100' title='bbox 494 1809 734 1859; x_wconf 87' lang='lat' dir='ltr'>canonici</span> <span class='ocrx_word' id='word_1_101' title='bbox 772 1810 917 1862; x_wconf 89' lang='lat' dir='ltr'>illius</span> <span class='ocrx_word' id='word_1_102' title='bbox 961 1811 1229 1862; x_wconf 91' lang='lat' dir='ltr'>Ecclesiae</span> <span class='ocrx_word' id='word_1_103' title='bbox 1265 1811 1601 1874; x_wconf 88' lang='lat' dir='ltr'>conveniant,</span> <span class='ocrx_word' id='word_1_104' title='bbox 1637 1811 1880 1879; x_wconf 91' lang='lat' dir='ltr'>precibus</span> <span class='ocrx_word' id='word_1_105' title='bbox 1904 1811 1971 1862; x_wconf 93' lang='lat' dir='ltr'>de</span> <span class='ocrx_word' id='word_1_106' title='bbox 1994 1829 2136 1863; x_wconf 92' lang='lat' dir='ltr'>more</span> <span class='ocrx_word' id='word_1_107' title='bbox 2160 1828 2309 1879; x_wconf 89' lang='lat' dir='ltr'>prae-</span> 
     </span>
     <span class='ocr_line' id='line_1_16' title="bbox 404 1894 2309 1964; baseline 0.004 -21"><span class='ocrx_word' id='word_1_108' title='bbox 404 1894 594 1956; x_wconf 80' lang='lat' dir='ltr'>missiS,</span> <span class='ocrx_word' id='word_1_109' title='bbox 619 1911 680 1944; x_wconf 91' lang='lat' dir='ltr'>ac</span> <span class='ocrx_word' id='word_1_110' title='bbox 704 1897 957 1962; x_wconf 89' lang='lat' dir='ltr'>praestito</span> <span class='ocrx_word' id='word_1_111' title='bbox 973 1897 1280 1964; x_wconf 90' lang='lat' dir='ltr'>juramento</span> <span class='ocrx_word' id='word_1_112' title='bbox 1305 1897 1372 1947; x_wconf 94' lang='lat' dir='ltr'>de</span> <span class='ocrx_word' id='word_1_113' title='bbox 1396 1901 1594 1948; x_wconf 91' lang='lat' dir='ltr'>secreto</span> <span class='ocrx_word' id='word_1_114' title='bbox 1619 1897 1885 1960; x_wconf 87' lang='lat' dir='ltr'>servando,</span> <span class='ocrx_word' id='word_1_115' title='bbox 1909 1897 2078 1948; x_wconf 92' lang='lat' dir='ltr'>tribus</span> <span class='ocrx_word' id='word_1_116' title='bbox 2102 1898 2309 1950; x_wconf 88' lang='lat' dir='ltr'>vicibus</span> 
     </span>
     <span class='ocr_line' id='line_1_17' title="bbox 404 1978 2308 2051; baseline 0.003 -23"><span class='ocrx_word' id='word_1_117' title='bbox 404 1978 651 2048; x_wconf 86' lang='lat' dir='ltr'>suffragia</span> <span class='ocrx_word' id='word_1_118' title='bbox 690 1980 921 2032; x_wconf 84' lang='lat' dir='ltr'>ferantur</span> <span class='ocrx_word' id='word_1_119' title='bbox 963 1982 1101 2032; x_wconf 89' lang='lat' dir='ltr'>circa</span> <span class='ocrx_word' id='word_1_120' title='bbox 1139 1998 1383 2049; x_wconf 88' lang='lat' dir='ltr'>personas</span> <span class='ocrx_word' id='word_1_121' title='bbox 1422 1981 1648 2033; x_wconf 85' lang='lat' dir='ltr'>Sanctae</span> <span class='ocrx_word' id='word_1_122' title='bbox 1685 1980 1811 2032; x_wconf 87' lang='lat' dir='ltr'>Sedi</span> <span class='ocrx_word' id='word_1_123' title='bbox 1835 1982 2004 2032; x_wconf 85' lang='lat' dir='ltr'>veluti</span> <span class='ocrx_word' id='word_1_124' title='bbox 2043 1982 2308 2051; x_wconf 87' lang='lat' dir='ltr'>digniores</span> 
     </span>
     <span class='ocr_line' id='line_1_18' title="bbox 403 2065 2308 2144; baseline 0.003 -31"><span class='ocrx_word' id='word_1_125' title='bbox 403 2065 857 2116; x_wconf 60' lang='lat' dir='ltr'>commendandas</span> <span class='ocrx_word' id='word_1_126' title='bbox 947 2066 1005 2118; x_wconf 85' lang='lat' dir='ltr'>Si</span> <span class='ocrx_word' id='word_1_127' title='bbox 1052 2068 1112 2117; x_wconf 90' lang='lat' dir='ltr'>in</span> <span class='ocrx_word' id='word_1_128' title='bbox 1158 2066 1339 2134; x_wconf 88' lang='lat' dir='ltr'>aliqua</span> <span class='ocrx_word' id='word_1_129' title='bbox 1386 2083 1450 2117; x_wconf 85' lang='lat' dir='ltr'>ex</span> <span class='ocrx_word' id='word_1_130' title='bbox 1497 2067 1667 2118; x_wconf 87' lang='lat' dir='ltr'>tribus</span> <span class='ocrx_word' id='word_1_131' title='bbox 1714 2067 1920 2118; x_wconf 91' lang='lat' dir='ltr'>vicibus</span> <span class='ocrx_word' id='word_1_132' title='bbox 1934 2131 1945 2144; x_wconf 90' lang='lat'><strong>.</strong></span> <span class='ocrx_word' id='word_1_133' title='bbox 1968 2067 2028 2117; x_wconf 93' lang='lat' dir='ltr'>in</span> <span class='ocrx_word' id='word_1_134' title='bbox 2075 2067 2308 2119; x_wconf 89' lang='lat' dir='ltr'>favorem</span> 
     </span>
     <span class='ocr_line' id='line_1_19' title="bbox 402 2148 2306 2221; baseline 0.003 -24"><span class='ocrx_word' id='word_1_135' title='bbox 402 2148 601 2198; x_wconf 87' lang='lat' dir='ltr'>nullius</span> <span class='ocrx_word' id='word_1_136' title='bbox 649 2150 826 2200; x_wconf 90' lang='lat' dir='ltr'>adsint</span> <span class='ocrx_word' id='word_1_137' title='bbox 874 2150 1124 2221; x_wconf 84' lang='lat' dir='ltr'>suffragia</span> <span class='ocrx_word' id='word_1_138' title='bbox 1165 2155 1251 2202; x_wconf 94' lang='lat' dir='ltr'>tot</span> <span class='ocrx_word' id='word_1_139' title='bbox 1298 2167 1518 2202; x_wconf 90' lang='lat' dir='ltr'>numero</span> <span class='ocrx_word' id='word_1_140' title='bbox 1566 2167 1701 2218; x_wconf 87' lang='lat' dir='ltr'>quae</span> <span class='ocrx_word' id='word_1_141' title='bbox 1748 2151 2005 2202; x_wconf 85' lang='lat' dir='ltr'>excedant</span> <span class='ocrx_word' id='word_1_142' title='bbox 2052 2152 2156 2220; x_wconf 91' lang='lat' dir='ltr'>maj</span> <span class='ocrx_word' id='word_1_143' title='bbox 2164 2169 2306 2203; x_wconf 92' lang='lat' dir='ltr'>orem</span> 
     </span>
     <span class='ocr_line' id='line_1_20' title="bbox 401 2234 2306 2303; baseline 0.002 -20"><span class='ocrx_word' id='word_1_144' title='bbox 401 2237 605 2300; x_wconf 88' lang='lat' dir='ltr'>partem</span> <span class='ocrx_word' id='word_1_145' title='bbox 654 2251 863 2297; x_wconf 90' lang='lat' dir='ltr'>vocum,</span> <span class='ocrx_word' id='word_1_146' title='bbox 905 2239 1055 2286; x_wconf 90' lang='lat' dir='ltr'>actus</span> <span class='ocrx_word' id='word_1_147' title='bbox 1097 2235 1299 2286; x_wconf 90' lang='lat' dir='ltr'>nullius</span> <span class='ocrx_word' id='word_1_148' title='bbox 1341 2234 1602 2287; x_wconf 88' lang='lat' dir='ltr'>momenti</span> <span class='ocrx_word' id='word_1_149' title='bbox 1651 2234 1864 2298; x_wconf 85' lang='lat' dir='ltr'>existat,</span> <span class='ocrx_word' id='word_1_150' title='bbox 1906 2239 2068 2303; x_wconf 90' lang='lat' dir='ltr'>atque</span> <span class='ocrx_word' id='word_1_151' title='bbox 2109 2237 2306 2300; x_wconf 69' lang='lat' dir='ltr'>iterum</span> 
     </span>
     <span class='ocr_line' id='line_1_21' title="bbox 405 2317 928 2386; baseline 0.006 -18"><span class='ocrx_word' id='word_1_152' title='bbox 405 2317 654 2386; x_wconf 86' lang='lat' dir='ltr'>suffragia</span> <span class='ocrx_word' id='word_1_153' title='bbox 678 2319 928 2371; x_wconf 87' lang='lat' dir='ltr'>ferantur.</span> 
     </span>
    </p>

    <p class='ocr_par' dir='ltr' id='par_1_5' title="bbox 402 2403 2309 3065">
     <span class='ocr_line' id='line_1_22' title="bbox 544 2403 2309 2474; baseline 0.002 -21"><span class='ocrx_word' id='word_1_154' title='bbox 544 2403 709 2454; x_wconf 92' lang='lat' dir='ltr'>Actus</span> <span class='ocrx_word' id='word_1_155' title='bbox 734 2404 1039 2471; x_wconf 89' lang='lat' dir='ltr'>capitularis</span> <span class='ocrx_word' id='word_1_156' title='bbox 1063 2406 1164 2456; x_wconf 87' lang='lat' dir='ltr'>rite</span> <span class='ocrx_word' id='word_1_157' title='bbox 1188 2405 1482 2473; x_wconf 89' lang='lat' dir='ltr'>descriptus</span> <span class='ocrx_word' id='word_1_158' title='bbox 1506 2408 1668 2471; x_wconf 92' lang='lat' dir='ltr'>atque</span> <span class='ocrx_word' id='word_1_159' title='bbox 1692 2404 2016 2474; x_wconf 90' lang='lat' dir='ltr'>obsignatus,</span> <span class='ocrx_word' id='word_1_160' title='bbox 2034 2407 2309 2457; x_wconf 88' lang='lat' dir='ltr'>transmit-</span> 
     </span>
     <span class='ocr_line' id='line_1_23' title="bbox 403 2489 2305 2559; baseline 0.002 -20"><span class='ocrx_word' id='word_1_161' title='bbox 403 2489 595 2540; x_wconf 90' lang='lat' dir='ltr'>tendus</span> <span class='ocrx_word' id='word_1_162' title='bbox 620 2491 721 2540; x_wconf 90' lang='lat' dir='ltr'>erit</span> <span class='ocrx_word' id='word_1_163' title='bbox 745 2490 813 2540; x_wconf 90' lang='lat' dir='ltr'>ad</span> <span class='ocrx_word' id='word_1_164' title='bbox 836 2490 1322 2558; x_wconf 84' lang='lat' dir='ltr'>Archiepiscopum,</span> <span class='ocrx_word' id='word_1_165' title='bbox 1337 2490 1422 2541; x_wconf 85' lang='lat' dir='ltr'>vel</span> <span class='ocrx_word' id='word_1_166' title='bbox 1451 2491 1520 2541; x_wconf 88' lang='lat' dir='ltr'>ad</span> <span class='ocrx_word' id='word_1_167' title='bbox 1539 2490 1927 2559; x_wconf 81' lang='lat' dir='ltr'>suffiaganeum</span> <span class='ocrx_word' id='word_1_168' title='bbox 1951 2492 2305 2558; x_wconf 87' lang='lat' dir='ltr'>antiquiorem</span> 
     </span>
     <span class='ocr_line' id='line_1_24' title="bbox 402 2574 2304 2644; baseline 0.002 -21"><span class='ocrx_word' id='word_1_169' title='bbox 402 2578 622 2624; x_wconf 86' lang='lat' dir='ltr'>vacante</span> <span class='ocrx_word' id='word_1_170' title='bbox 644 2575 757 2624; x_wconf 89' lang='lat' dir='ltr'>sedi</span> <span class='ocrx_word' id='word_1_171' title='bbox 780 2574 1227 2644; x_wconf 86' lang='lat' dir='ltr'>archiepiscopali,</span> <span class='ocrx_word' id='word_1_172' title='bbox 1252 2575 1338 2627; x_wconf 90' lang='lat' dir='ltr'>vel</span> <span class='ocrx_word' id='word_1_173' title='bbox 1379 2576 1425 2627; x_wconf 89' lang='lat' dir='ltr'>si</span> <span class='ocrx_word' id='word_1_174' title='bbox 1467 2575 1534 2626; x_wconf 92' lang='lat' dir='ltr'>de</span> <span class='ocrx_word' id='word_1_175' title='bbox 1575 2576 2009 2626; x_wconf 87' lang='lat' dir='ltr'>commendandis</span> <span class='ocrx_word' id='word_1_176' title='bbox 2033 2576 2101 2626; x_wconf 88' lang='lat' dir='ltr'>ad</span> <span class='ocrx_word' id='word_1_177' title='bbox 2125 2577 2304 2643; x_wconf 88' lang='lat' dir='ltr'>ipsum</span> 
     </span>
     <span class='ocr_line' id='line_1_25' title="bbox 403 2659 2305 2728; baseline 0.002 -20"><span class='ocrx_word' id='word_1_178' title='bbox 403 2659 909 2726; x_wconf 89' lang='lat' dir='ltr'>archiepiscopatum</span> <span class='ocrx_word' id='word_1_179' title='bbox 933 2665 1121 2728; x_wconf 86' lang='lat' dir='ltr'>agatur</span> <span class='ocrx_word' id='word_1_180' title='bbox 1142 2680 1155 2712; x_wconf 89' lang='lat'><strong>:</strong></span> <span class='ocrx_word' id='word_1_181' title='bbox 1192 2664 1258 2711; x_wconf 91' lang='lat' dir='ltr'>ut</span> <span class='ocrx_word' id='word_1_182' title='bbox 1281 2664 1462 2711; x_wconf 88' lang='lat' dir='ltr'>coetus</span> <span class='ocrx_word' id='word_1_183' title='bbox 1488 2660 1798 2727; x_wconf 86' lang='lat' dir='ltr'>episcopalis</span> <span class='ocrx_word' id='word_1_184' title='bbox 1823 2660 2055 2710; x_wconf 88' lang='lat' dir='ltr'>consiliis</span> <span class='ocrx_word' id='word_1_185' title='bbox 2080 2661 2305 2723; x_wconf 81' lang='lat' dir='ltr'>collatiS,</span> 
     </span>
     <span class='ocr_line' id='line_1_26' title="bbox 404 2743 2300 2813; baseline 0.002 -20"><span class='ocrx_word' id='word_1_186' title='bbox 404 2743 541 2793; x_wconf 79' lang='lat' dir='ltr'>circa</span> <span class='ocrx_word' id='word_1_187' title='bbox 564 2744 667 2793; x_wconf 89' lang='lat' dir='ltr'>tria</span> <span class='ocrx_word' id='word_1_188' title='bbox 689 2744 907 2794; x_wconf 89' lang='lat' dir='ltr'>nomina</span> <span class='ocrx_word' id='word_1_189' title='bbox 934 2745 1267 2812; x_wconf 88' lang='lat' dir='ltr'>alphabetico</span> <span class='ocrx_word' id='word_1_190' title='bbox 1304 2745 1487 2795; x_wconf 90' lang='lat' dir='ltr'>ordine</span> <span class='ocrx_word' id='word_1_191' title='bbox 1524 2745 1803 2812; x_wconf 90' lang='lat' dir='ltr'>descripta,</span> <span class='ocrx_word' id='word_1_192' title='bbox 1828 2761 1964 2812; x_wconf 90' lang='lat' dir='ltr'>quae</span> <span class='ocrx_word' id='word_1_193' title='bbox 1991 2745 2051 2794; x_wconf 93' lang='lat' dir='ltr'>in</span> <span class='ocrx_word' id='word_1_194' title='bbox 2077 2745 2300 2813; x_wconf 82' lang='lat' dir='ltr'>singulis</span> 
     </span>
     <span class='ocr_line' id='line_1_27' title="bbox 404 2828 2302 2899; baseline 0.003 -22"><span class='ocrx_word' id='word_1_195' title='bbox 404 2828 764 2879; x_wconf 90' lang='lat' dir='ltr'>votationibus</span> <span class='ocrx_word' id='word_1_196' title='bbox 799 2829 902 2896; x_wconf 88' lang='lat' dir='ltr'>maj</span> <span class='ocrx_word' id='word_1_197' title='bbox 910 2846 1053 2880; x_wconf 93' lang='lat' dir='ltr'>orem</span> <span class='ocrx_word' id='word_1_198' title='bbox 1089 2830 1458 2899; x_wconf 86' lang='lat' dir='ltr'>suffragiorum</span> <span class='ocrx_word' id='word_1_199' title='bbox 1481 2832 1690 2896; x_wconf 90' lang='lat' dir='ltr'>partem</span> <span class='ocrx_word' id='word_1_200' title='bbox 1714 2830 2042 2880; x_wconf 86' lang='lat' dir='ltr'>obtinuerint</span> <span class='ocrx_word' id='word_1_201' title='bbox 2065 2831 2134 2881; x_wconf 92' lang='lat' dir='ltr'>ad</span> <span class='ocrx_word' id='word_1_202' title='bbox 2164 2830 2216 2882; x_wconf 88' lang='lat' dir='ltr'>S.</span> <span class='ocrx_word' id='word_1_203' title='bbox 2245 2829 2302 2882; x_wconf 92' lang='lat' dir='ltr'>C.</span> 
     </span>
     <span class='ocr_line' id='line_1_28' title="bbox 405 2912 2307 2982; baseline 0.002 -20"><span class='ocrx_word' id='word_1_204' title='bbox 405 2912 610 2975; x_wconf 88' lang='lat' dir='ltr'>referat,</span> <span class='ocrx_word' id='word_1_205' title='bbox 670 2929 923 2980; x_wconf 89' lang='lat' dir='ltr'>suamque</span> <span class='ocrx_word' id='word_1_206' title='bbox 982 2915 1287 2982; x_wconf 88' lang='lat' dir='ltr'>opinionem</span> <span class='ocrx_word' id='word_1_207' title='bbox 1347 2914 1541 2977; x_wconf 90' lang='lat' dir='ltr'>tradat,</span> <span class='ocrx_word' id='word_1_208' title='bbox 1602 2915 1904 2964; x_wconf 84' lang='lat' dir='ltr'>transmisso</span> <span class='ocrx_word' id='word_1_209' title='bbox 1963 2915 2129 2965; x_wconf 90' lang='lat' dir='ltr'>etiam</span> <span class='ocrx_word' id='word_1_210' title='bbox 2189 2915 2307 2982; x_wconf 91' lang='lat' dir='ltr'>ipso</span> 
     </span>
     <span class='ocr_line' id='line_1_29' title="bbox 407 2997 1187 3065; baseline 0.005 -19"><span class='ocrx_word' id='word_1_211' title='bbox 407 2997 714 3048; x_wconf 90' lang='lat' dir='ltr'>authentico</span> <span class='ocrx_word' id='word_1_212' title='bbox 739 2998 1021 3065; x_wconf 90' lang='lat' dir='ltr'>capitulari</span> <span class='ocrx_word' id='word_1_213' title='bbox 1044 3003 1187 3050; x_wconf 89' lang='lat' dir='ltr'>actu.</span> 
     </span>
    </p>

    <p class='ocr_par' dir='ltr' id='par_1_6' title="bbox 407 3081 2305 3493">
     <span class='ocr_line' id='line_1_30' title="bbox 549 3081 2304 3153; baseline 0.003 -22"><span class='ocrx_word' id='word_1_214' title='bbox 549 3081 778 3132; x_wconf 91' lang='lat' dir='ltr'>Demum</span> <span class='ocrx_word' id='word_1_215' title='bbox 826 3100 950 3133; x_wconf 90' lang='lat' dir='ltr'>cum</span> <span class='ocrx_word' id='word_1_216' title='bbox 1010 3084 1314 3153; x_wconf 90' lang='lat' dir='ltr'>contingere</span> <span class='ocrx_word' id='word_1_217' title='bbox 1374 3084 1659 3151; x_wconf 88' lang='lat' dir='ltr'>aliquando</span> <span class='ocrx_word' id='word_1_218' title='bbox 1709 3084 1894 3150; x_wconf 85' lang='lat' dir='ltr'>possit,</span> <span class='ocrx_word' id='word_1_219' title='bbox 1941 3087 2007 3134; x_wconf 91' lang='lat' dir='ltr'>ut</span> <span class='ocrx_word' id='word_1_220' title='bbox 2065 3085 2304 3136; x_wconf 88' lang='lat' dir='ltr'>canonici</span> 
     </span>
     <span class='ocr_line' id='line_1_31' title="bbox 407 3166 2303 3236; baseline 0.003 -21"><span class='ocrx_word' id='word_1_221' title='bbox 407 3166 645 3235; x_wconf 84' lang='lat' dir='ltr'>legitime</span> <span class='ocrx_word' id='word_1_222' title='bbox 679 3166 1038 3233; x_wconf 84' lang='lat' dir='ltr'>impediantur</span> <span class='ocrx_word' id='word_1_223' title='bbox 1074 3185 1142 3219; x_wconf 93' lang='lat' dir='ltr'>ne</span> <span class='ocrx_word' id='word_1_224' title='bbox 1178 3169 1245 3219; x_wconf 91' lang='lat' dir='ltr'>ad</span> <span class='ocrx_word' id='word_1_225' title='bbox 1283 3167 1593 3236; x_wconf 86' lang='lat' dir='ltr'>Capitulum</span> <span class='ocrx_word' id='word_1_226' title='bbox 1630 3169 1688 3218; x_wconf 92' lang='lat' dir='ltr'>in</span> <span class='ocrx_word' id='word_1_227' title='bbox 1724 3185 1830 3236; x_wconf 92' lang='lat' dir='ltr'>quo</span> <span class='ocrx_word' id='word_1_228' title='bbox 1854 3168 2157 3235; x_wconf 88' lang='lat' dir='ltr'>hujusmodi</span> <span class='ocrx_word' id='word_1_229' title='bbox 2189 3170 2303 3220; x_wconf 91' lang='lat' dir='ltr'>fieri</span> 
     </span>
     <span class='ocr_line' id='line_1_32' title="bbox 408 3250 2305 3321; baseline 0.004 -22"><span class='ocrx_word' id='word_1_230' title='bbox 408 3250 565 3300; x_wconf 91' lang='lat' dir='ltr'>debet</span> <span class='ocrx_word' id='word_1_231' title='bbox 589 3251 975 3302; x_wconf 91' lang='lat' dir='ltr'>commendatio</span> <span class='ocrx_word' id='word_1_232' title='bbox 992 3253 1262 3316; x_wconf 91' lang='lat' dir='ltr'>accedant,</span> <span class='ocrx_word' id='word_1_233' title='bbox 1281 3254 1488 3303; x_wconf 86' lang='lat' dir='ltr'>censuit</span> <span class='ocrx_word' id='word_1_234' title='bbox 1507 3252 1560 3304; x_wconf 86' lang='lat' dir='ltr'>S.</span> <span class='ocrx_word' id='word_1_235' title='bbox 1578 3251 1927 3321; x_wconf 89' lang='lat' dir='ltr'>Congregatio</span> <span class='ocrx_word' id='word_1_236' title='bbox 1945 3252 2305 3306; x_wconf 81' lang='lat' dir='ltr'>admittendos</span> 
     </span>
     <span class='ocr_line' id='line_1_33' title="bbox 408 3338 2303 3406; baseline 0.004 -21"><span class='ocrx_word' id='word_1_237' title='bbox 408 3338 538 3385; x_wconf 87' lang='lat' dir='ltr'>tunc</span> <span class='ocrx_word' id='word_1_238' title='bbox 563 3353 670 3386; x_wconf 88' lang='lat' dir='ltr'>esse</span> <span class='ocrx_word' id='word_1_239' title='bbox 713 3338 1014 3389; x_wconf 92' lang='lat' dir='ltr'>eorumdem</span> <span class='ocrx_word' id='word_1_240' title='bbox 1049 3344 1404 3406; x_wconf 89' lang='lat' dir='ltr'>procuratores</span> <span class='ocrx_word' id='word_1_241' title='bbox 1442 3340 1511 3390; x_wconf 92' lang='lat' dir='ltr'>ad</span> <span class='ocrx_word' id='word_1_242' title='bbox 1547 3339 1799 3390; x_wconf 86' lang='lat' dir='ltr'>effectum</span> <span class='ocrx_word' id='word_1_243' title='bbox 1822 3343 2038 3390; x_wconf 90' lang='lat' dir='ltr'>tantum</span> <span class='ocrx_word' id='word_1_244' title='bbox 2060 3340 2303 3392; x_wconf 87' lang='lat' dir='ltr'>tradendi</span> 
     </span>
     <span class='ocr_line' id='line_1_34' title="bbox 410 3418 1837 3493; baseline 0.004 -25"><span class='ocrx_word' id='word_1_245' title='bbox 410 3418 652 3470; x_wconf 90' lang='lat' dir='ltr'>schedam</span> <span class='ocrx_word' id='word_1_246' title='bbox 677 3438 798 3472; x_wconf 92' lang='lat' dir='ltr'>cum</span> <span class='ocrx_word' id='word_1_247' title='bbox 821 3422 1032 3472; x_wconf 85' lang='lat' dir='ltr'>nomine</span> <span class='ocrx_word' id='word_1_248' title='bbox 1057 3427 1113 3473; x_wconf 91' lang='lat' dir='ltr'>et</span> <span class='ocrx_word' id='word_1_249' title='bbox 1136 3425 1474 3490; x_wconf 87' lang='lat' dir='ltr'>praenomine</span> <span class='ocrx_word' id='word_1_250' title='bbox 1498 3423 1745 3493; x_wconf 91' lang='lat' dir='ltr'>eligendi.</span> <span class='ocrx_word' id='word_1_251' title='bbox 1765 3420 1837 3493; x_wconf 78' lang='lat'>(1)</span> 
     </span>
    </p>
   </div>
   <div class='ocr_carea' id='block_1_3' title="bbox 408 3572 2303 3891">
    <p class='ocr_par' dir='ltr' id='par_1_7' title="bbox 408 3572 2303 3891">
     <span class='ocr_line' id='line_1_35' title="bbox 536 3572 2303 3626; baseline 0.002 -14"><span class='ocrx_word' id='word_1_252' title='bbox 536 3572 581 3625; x_wconf 59' lang='grc' dir='ltr'>(ι)</span> <span class='ocrx_word' id='word_1_253' title='bbox 611 3572 725 3623; x_wconf 87' lang='lat' dir='ltr'>Sive,</span> <span class='ocrx_word' id='word_1_254' title='bbox 744 3575 870 3625; x_wconf 86' lang='lat' dir='ltr'>prout</span> <span class='ocrx_word' id='word_1_255' title='bbox 886 3576 1030 3625; x_wconf 88' lang='lat' dir='ltr'>postea</span> <span class='ocrx_word' id='word_1_256' title='bbox 1048 3587 1073 3614; x_wconf 90' lang='lat' dir='ltr'>a</span> <span class='ocrx_word' id='word_1_257' title='bbox 1091 3574 1134 3614; x_wconf 87' lang='lat' dir='ltr'>S.</span> <span class='ocrx_word' id='word_1_258' title='bbox 1158 3574 1208 3615; x_wconf 84' lang='lat' dir='ltr'>G.</span> <span class='ocrx_word' id='word_1_259' title='bbox 1223 3575 1479 3626; x_wconf 85' lang='lat' dir='ltr'>explicatum</span> <span class='ocrx_word' id='word_1_260' title='bbox 1496 3577 1575 3626; x_wconf 87' lang='lat' dir='ltr'>est,</span> <span class='ocrx_word' id='word_1_261' title='bbox 1604 3577 1693 3616; x_wconf 81' lang='lat' dir='ltr'>tres</span> <span class='ocrx_word' id='word_1_262' title='bbox 1719 3575 1907 3626; x_wconf 74' lang='lat' dir='ltr'>schedae,</span> <span class='ocrx_word' id='word_1_263' title='bbox 1937 3587 2035 3616; x_wconf 84' lang='lat' dir='ltr'>cum</span> <span class='ocrx_word' id='word_1_264' title='bbox 2059 3575 2303 3617; x_wconf 83' lang='lat' dir='ltr'>nominibus</span> 
     </span>
     <span class='ocr_line' id='line_1_36' title="bbox 409 3637 2302 3694; baseline 0.003 -16"><span class='ocrx_word' id='word_1_265' title='bbox 409 3637 542 3679; x_wconf 87' lang='lat' dir='ltr'>trium</span> <span class='ocrx_word' id='word_1_266' title='bbox 565 3639 753 3678; x_wconf 84' lang='lat' dir='ltr'>virorum</span> <span class='ocrx_word' id='word_1_267' title='bbox 777 3640 1152 3691; x_wconf 88' lang='lat' dir='ltr'>proponendorum.</span> <span class='ocrx_word' id='word_1_268' title='bbox 1212 3641 1461 3682; x_wconf 86' lang='lat' dir='ltr'>Notandum</span> <span class='ocrx_word' id='word_1_269' title='bbox 1489 3644 1554 3682; x_wconf 87' lang='lat' dir='ltr'>est</span> <span class='ocrx_word' id='word_1_270' title='bbox 1583 3642 1817 3694; x_wconf 86' lang='lat' dir='ltr'>generatim</span> <span class='ocrx_word' id='word_1_271' title='bbox 1842 3640 1968 3693; x_wconf 88' lang='lat' dir='ltr'>quod,</span> <span class='ocrx_word' id='word_1_272' title='bbox 1999 3640 2134 3682; x_wconf 85' lang='lat' dir='ltr'>sicubi</span> <span class='ocrx_word' id='word_1_273' title='bbox 2158 3642 2302 3694; x_wconf 77' lang='lat' dir='ltr'>aliqua</span> 
     </span>
     <span class='ocr_line' id='line_1_37' title="bbox 410 3703 2301 3759; baseline 0.002 -15"><span class='ocrx_word' id='word_1_274' title='bbox 410 3703 688 3755; x_wconf 85' lang='lat' dir='ltr'>discrepantia</span> <span class='ocrx_word' id='word_1_275' title='bbox 727 3704 970 3745; x_wconf 86' lang='lat' dir='ltr'>inveniatur</span> <span class='ocrx_word' id='word_1_276' title='bbox 1012 3706 1126 3746; x_wconf 88' lang='lat' dir='ltr'>inter</span> <span class='ocrx_word' id='word_1_277' title='bbox 1169 3707 1349 3747; x_wconf 87' lang='lat' dir='ltr'>Decreta</span> <span class='ocrx_word' id='word_1_278' title='bbox 1389 3707 1541 3759; x_wconf 86' lang='lat' dir='ltr'>synodi</span> <span class='ocrx_word' id='word_1_279' title='bbox 1577 3710 1619 3748; x_wconf 89' lang='lat' dir='ltr'>et</span> <span class='ocrx_word' id='word_1_280' title='bbox 1663 3707 1927 3748; x_wconf 86' lang='lat' dir='ltr'>Documenta</span> <span class='ocrx_word' id='word_1_281' title='bbox 1969 3707 2062 3759; x_wconf 86' lang='lat' dir='ltr'>ipsa</span> <span class='ocrx_word' id='word_1_282' title='bbox 2104 3707 2159 3747; x_wconf 87' lang='lat' dir='ltr'>ad</span> <span class='ocrx_word' id='word_1_283' title='bbox 2193 3721 2301 3759; x_wconf 82' lang='lat' dir='ltr'>quae</span> 
     </span>
     <span class='ocr_line' id='line_1_38' title="bbox 408 3769 2303 3824; baseline 0.004 -16"><span class='ocrx_word' id='word_1_284' title='bbox 408 3769 663 3818; x_wconf 81' lang='lat' dir='ltr'>referuntur,</span> <span class='ocrx_word' id='word_1_285' title='bbox 694 3770 774 3809; x_wconf 92' lang='lat' dir='ltr'>hoc</span> <span class='ocrx_word' id='word_1_286' title='bbox 790 3770 890 3810; x_wconf 89' lang='lat' dir='ltr'>inde</span> <span class='ocrx_word' id='word_1_287' title='bbox 908 3771 1088 3822; x_wconf 85' lang='lat' dir='ltr'>eveniat,</span> <span class='ocrx_word' id='word_1_288' title='bbox 1115 3772 1227 3822; x_wconf 89' lang='lat' dir='ltr'>quod</span> <span class='ocrx_word' id='word_1_289' title='bbox 1252 3773 1334 3812; x_wconf 88' lang='lat' dir='ltr'>ista</span> <span class='ocrx_word' id='word_1_290' title='bbox 1361 3773 1414 3812; x_wconf 85' lang='lat' dir='ltr'>ab</span> <span class='ocrx_word' id='word_1_291' title='bbox 1431 3773 1522 3824; x_wconf 87' lang='lat' dir='ltr'>ipsa</span> <span class='ocrx_word' id='word_1_292' title='bbox 1547 3772 1590 3813; x_wconf 87' lang='lat' dir='ltr'>S.</span> <span class='ocrx_word' id='word_1_293' title='bbox 1615 3773 1660 3813; x_wconf 87' lang='lat' dir='ltr'>C.</span> <span class='ocrx_word' id='word_1_294' title='bbox 1680 3786 1757 3824; x_wconf 88' lang='lat' dir='ltr'>per</span> <span class='ocrx_word' id='word_1_295' title='bbox 1781 3774 2079 3824; x_wconf 87' lang='lat' dir='ltr'>subsequentes</span> <span class='ocrx_word' id='word_1_296' title='bbox 2104 3772 2303 3824; x_wconf 74' lang='lat' dir='ltr'>epistolas</span> 
     </span>
     <span class='ocr_line' id='line_1_39' title="bbox 410 3834 2177 3891; baseline 0.002 -16"><span class='ocrx_word' id='word_1_297' title='bbox 410 3834 646 3875; x_wconf 85' lang='lat' dir='ltr'>modificata</span> <span class='ocrx_word' id='word_1_298' title='bbox 670 3834 831 3875; x_wconf 81' lang='lat' dir='ltr'>fuerint</span> <span class='ocrx_word' id='word_1_299' title='bbox 856 3835 905 3875; x_wconf 87' lang='lat' dir='ltr'>in</span> <span class='ocrx_word' id='word_1_300' title='bbox 929 3837 1063 3887; x_wconf 85' lang='lat' dir='ltr'>praxi,</span> <span class='ocrx_word' id='word_1_301' title='bbox 1091 3837 1227 3889; x_wconf 86' lang='lat' dir='ltr'>igitur</span> <span class='ocrx_word' id='word_1_302' title='bbox 1252 3838 1563 3879; x_wconf 87' lang='lat' dir='ltr'>adhaerendum</span> <span class='ocrx_word' id='word_1_303' title='bbox 1587 3840 1727 3879; x_wconf 83' lang='lat' dir='ltr'>textui</span> <span class='ocrx_word' id='word_1_304' title='bbox 1754 3839 1927 3891; x_wconf 87' lang='lat' dir='ltr'>Synodi.</span> <span class='ocrx_word' id='word_1_305' title='bbox 1957 3838 2014 3879; x_wconf 87' lang='lat' dir='ltr'>N.</span> <span class='ocrx_word' id='word_1_306' title='bbox 2037 3838 2083 3879; x_wconf 84' lang='lat' dir='ltr'>G.</span> <span class='ocrx_word' id='word_1_307' title='bbox 2103 3838 2177 3879; x_wconf 89' lang='lat' dir='ltr'>W.</span> 
     </span>
    </p>
   </div>
  </div>
 </body>
</html>
