2534 4374
1091 492 1367 535 nicenam.
2094 483 2174 541 13

432 637 481 688 6.
533 636 599 687 111
643 639 826 690 eadem
875 639 1058 702 etiam,
1108 641 1341 708 quinque
1404 642 1813 708 spectatissimos
1863 644 2181 711 presbyteros

279 721 532 790 seligant,
582 723 674 790 qui
727 721 1185 777 Gommieoionem
1233 724 1681 791 investiyationis
1720 729 2068 790 constituant,
2116 730 2182 780 de

274 824 389 874 qua
438 824 607 874 supra,
648 825 763 876 cap.
811 811 893 873 13,
936 816 1115 862 actum
1166 819 1262 864 est.
1306 810 1607 881 Congruum
1653 814 1813 862 etiam
1865 814 2071 864 videtur
2120 823 2183 865 ut

285 891 471 942 horum
497 893 601 945 duo
627 911 655 944 e
678 896 880 962 gremio
904 897 1149 963 capituli,
1174 897 1362 964 reliqui
1389 902 1494 948 tres
1519 898 1585 948 de
1609 897 1744 949 clero
1769 906 2118 951 assumantur.

431 977 477 1029 7.
533 978 906 1048 Unusquisque
945 982 1220 1049 episcopus
1263 982 1454 1033 habeat
1497 1000 1650 1033 suum
1695 983 2050 1045 archivistam,
2089 986 2181 1051 qui

282 1061 471 1112 debeat
519 1064 782 1115 custodire
830 1066 1010 1115 omnia
1058 1066 1429 1129 instrumenta,
1478 1074 1534 1116 et
1581 1067 1685 1117 alia
1740 1067 2058 1118 documenta
2117 1071 2183 1119 ad

274 1146 564 1197 dioecesim
614 1149 927 1216 spectantia,
975 1155 1031 1199 et
1074 1151 1313 1218 exempla
1362 1151 1555 1202 habeat
1592 1152 2080 1215 instrumentorum,
2119 1171 2182 1203 ne

284 1231 400 1298 ipsa
424 1231 702 1300 originalia
726 1232 785 1283 in
809 1232 1006 1284 alienas
1030 1251 1217 1285 manus
1250 1235 1525 1297 incidant3
1562 1240 1617 1287 et
1639 1237 1921 1306 registrum
1945 1239 2185 1289 omnium

285 1316 754 1370 instrumentorum
779 1318 1070 1370 dioeceseos
1095 1325 1291 1371 teneat.

954 1525 1354 1577 DECRETUM
1404 1524 1524 1578 XV.

822 1659 904 1712 De
940 1659 1309 1714 sacramentis
1346 1661 1415 1713 in
1436 1679 1646 1730 qenero-

431 1792 568 1846 Cum
593 1793 855 1846 Dominus
878 1794 1070 1845 Noster
1094 1795 1246 1847 Jesus
1274 1794 1510 1847 Christus
1535 1797 1593 1847 in
1620 1798 1960 1848 sacramentis
1986 1798 2187 1867 gratiae

280 1879 514 1947 copiam,
538 1880 597 1930 in
621 1880 791 1930 vitam
816 1884 1083 1931 aeternam
1110 1879 1585 1949 supereffluentem,
1610 1899 1799 1950 ponere
1824 1884 2076 1952 dignatus
2101 1884 2189 1945 sit,

287 1966 424 2016 nihil
468 1966 735 2017 Ecclesiae
773 1966 1127 2017 sacerdotibus
1170 1967 1339 2035 magis
1383 1967 1527 2017 cordi
1571 1985 1679 2018 esse
1719 1968 1892 2031 debet,
1930 1986 2089 2035 quam
2128 1979 2183 2018 ut

288 2050 469 2103 fideles
494 2069 699 2120 semper
722 2069 885 2120 aquas
909 2053 967 2102 in
997 2052 1192 2121 gaudio
1216 2051 1466 2103 hauriant
1489 2054 1556 2104 de
1579 2052 1720 2103 hisce
1751 2054 1986 2103 fontibus
2012 2053 2191 2105 Salva-

290 2138 433 2188 toriS.
531 2137 637 2190 Sed
686 2156 809 2189 cum
858 2138 996 2188 nihil
1045 2138 1295 2199 sanctius,
1344 2137 1483 2187 nihil
1543 2139 1825 2207 augustius
1888 2140 2188 2207 hujusmodi

290 2223 741 2287 institutionibus,
790 2223 1015 2273 sollicite
1065 2226 1121 2273 et
1170 2223 1323 2273 enixe
1371 2224 1683 2286 cavendum,
1732 2241 1795 2273 ne
1838 2225 1968 2291 quid
2023 2226 2191 2291 negli-

290 2309 499 2378 gentiae
538 2308 623 2359 vel
664 2309 1046 2371 irreverentiae,
1084 2308 1142 2357 in
1185 2307 1383 2358 eisdem
1420 2309 1817 2375 peltractandiS‚
1858 2311 2190 2360 admittatur.

292 2390 447 2442 Casta
489 2394 649 2453 caste,
693 2394 874 2440 sancta
917 2393 1112 2452 sancte,
1155 2389 1355 2452 divina,
1392 2396 1654 2457 quantum
1691 2390 1922 2441 humana
1960 2393 2015 2441 id
2053 2394 2190 2442 sinat

290 2476 569 2544 fragilitaS,
604 2476 837 2543 perfecto
873 2475 1069 2525 mentis
1106 2474 1377 2542 totiusque
1412 2475 1619 2526 animae
1652 2475 1846 2526 affectu
1884 2478 2190 2545 peragenda.

290 2561 443 2611 Nihil
490 2562 632 2628 quod
671 2578 852 2612 eorum
894 2559 1412 2611 administrationem
1456 2566 1679 2627 spectat,
1724 2562 1833 2611 sive
1884 2563 2032 2625 ritus,
2083 2563 2191 2611 sive

287 2647 463 2709 verba,
488 2646 598 2697 sive
622 2646 725 2696 loci
750 2645 1105 2713 temporisque
1141 2644 1396 2712 adjuncta
1432 2645 1580 2712 parvi
1618 2651 1697 2696 est
1735 2646 2066 2706 faciendum;
2104 2649 2189 2696 sed

290 2733 470 2801 potius
530 2733 694 2782 etiam
744 2731 1106 2782 minutissima
1168 2747 1407 2798 quaeque
1455 2730 1523 2781 ab
1572 2730 1807 2781 Ecclesia
1857 2734 2189 2800 praescripta,

291 2820 473 2886 magni
498 2818 740 2885 ponderis
765 2822 890 2867 sunt
914 2816 1225 2884 reputanda,
1249 2832 1310 2865 ac
1337 2832 1541 2865 summa
1561 2815 1842 2883 diligentia
1858 2816 2189 2867 observanda.

283 2903 660 2966 Quamobrem,
709 2903 753 2954 si
796 2907 1008 2970 propter
1057 2901 1289 2952 locorum
1338 2902 1764 2951 circumstantias
1813 2901 2048 2964 difficile,
2096 2912 2183 2952 aut

292 2989 454 3039 ferme
490 2987 813 3056 impossibile
850 2987 939 3050 sit,
966 2990 1410 3037 sacramentorum
1448 2986 1961 3036 administrationem
1986 3005 2064 3048 ec,
2089 3004 2193 3053 quo

291 3091 386 3142 par
425 3078 523 3137 est,
567 3074 838 3141 splendore
881 3077 937 3123 et
980 3073 1234 3123 exteriore
1276 3071 1426 3121 cultu
1464 3071 1724 3138 perficere,
1766 3089 1826 3122 eo
1867 3073 1979 3138 ipso
2022 3074 2189 3140 magis

290 3160 499 3229 studere
547 3159 815 3222 debemus,
864 3162 929 3208 ut
982 3158 1220 3208 interiori
1280 3157 1489 3207 animae
1551 3157 1825 3207 devotione
1887 3156 2185 3223 hujusmodi

284 3244 523 3295 *defectui
549 3243 905 3312 suppleamus,
923 3259 984 3293 ac
1010 3241 1253 3293 fidelium
1278 3242 1668 3309 recipientium,
1696 3258 1786 3291 seu
1811 3242 2187 3300 assistentium,

292 3334 494 3380 mentes
517 3330 586 3380 ad
610 3328 959 3380 ardentiorem
985 3328 1241 3395 pietatem
1268 3325 1674 3376 inflammemus,
1751 3326 2031 3392 Propterea
2056 3344 2187 3392 quae

292 3418 582 3481 sequuntur
607 3413 889 3464 statuenda
913 3429 1182 3462 censemus
1203 3432 1216 3462 ε

439 3502 487 3551 1.
538 3498 672 3551 Cum
697 3499 841 3550 locus
866 3515 1125 3568 congruus
1163 3501 1600 3547 sacramentorum
1638 3496 2086 3545 administrationi
2115 3499 2180 3545 sit

286 3586 530 3649 ecclesia,
572 3589 719 3635 curet
757 3585 990 3635 sacerdos
1033 3588 1095 3633 ut
1134 3582 1262 3632 illuc
1302 3581 1518 3632 veniant
1560 3581 1650 3647 qui
1702 3581 1882 3630 eadem
1934 3582 2186 3647 suscipere

292 3671 624 3731 desiderant3
667 3674 988 3737 noscantque
1027 3685 1206 3719 omnes
1248 3671 1414 3717 certas
1454 3667 1618 3727 horas,
1655 3671 1711 3715 et
1749 3665 1923 3715 locum
1968 3666 2187 3733 singulis

294 3755 632 3807 sacramentis
668 3755 1024 3815 destinatum3
1061 3757 1125 3802 ut
1159 3752 1239 3802 ita
1275 3751 1511 3802 confusio
1548 3750 1789 3800 evitetur.
1866 3749 1982 3799 Non
2012 3756 2183 3799 tamon

284 3844 513 3904 recuset,
561 3839 975 3907 quotioecunque
1023 3841 1289 3904 petantur,
1339 3836 1614 3904 praecipue
1663 3836 1705 3885 si
1767 3834 1847 3884 vel
1910 3837 2187 3884 necessitas
