2534 4374
369 462 452 523 32
944 473 1107 516 coNC.
1151 469 1316 514 PRov.
1359 466 1580 510 wEer.
1628 466 1668 507 1.

506 627 557 675 2.
608 623 666 675 Si
682 623 798 691 jam
822 638 927 672 non
951 619 1162 680 existat,
1185 620 1357 667 totam
1380 630 1679 682 percurrens
1703 629 1822 664 suae
1853 612 2128 680 pastoralis
2153 611 2253 663 sol-

363 705 660 756 licitudinis
684 705 966 772 regionem,
991 699 1225 766 ejusdem
1250 701 1489 747 exactam
1512 695 1822 745 relationem
1858 694 2166 758 conscribat,
2190 711 2252 745 ac

363 790 556 840 librum
581 793 748 840 status
772 787 1085 846 animarum,
1109 783 1177 833 ad
1200 798 1439 832 normam
1464 779 1695 831 Ritualis
1720 779 1965 842 Romani,
1990 782 2252 847 quantum

364 874 477 924 fieri
501 877 691 941 potest,
717 870 978 923 conficiat.

507 959 556 1006 3.
605 956 788 1006 Libros
804 955 968 1005 etiam
985 952 1387 1019 baptismorum,
1405 947 1851 1011 confirmatorum,
1866 948 2252 1013 defunctorum,

358 1046 417 1092 et
440 1041 911 1100 matrimoniorum,
936 1039 1178 1086 accurate
1202 1038 1397 1084 teneat.

503 1129 555 1188 4,
603 1123 859 1175 Aedificia
874 1123 1052 1173 omnia
1077 1137 1234 1183 sacra,
1256 1119 1472 1182 scholas,
1489 1119 1890 1187 presbyterium,
1907 1135 2004 1169 nec
2022 1135 2130 1170 non
2147 1117 2254 1169 alia

358 1211 537 1260 omnia
585 1211 653 1259 ad
699 1207 973 1258 ecclesiam
1020 1204 1359 1272 pertinentia,
1409 1207 1549 1254 sarta
1596 1206 1741 1254 tecta
1788 1203 2052 1254 custodire
2087 1207 2251 1255 curet.

361 1296 513 1346 Nihil
537 1295 771 1356 innovet,
796 1293 880 1343 vel
904 1291 1161 1353 addendo,
1186 1290 1268 1340 vel
1293 1289 1588 1353 alienando,
1621 1288 1706 1339 vel
1745 1288 1911 1338 etiam
1946 1287 2255 1340 notabiliter

361 1380 711 1441 immutando,
736 1377 1033 1428 inconsulto
1057 1376 1317 1443 episcopo.

503 1466 553 1514 5.
602 1463 681 1513 De
723 1462 963 1513 oneribus
1004 1461 1283 1510 missarum
1327 1458 1607 1528 diligenter
1642 1457 1909 1525 inquirat3
1949 1459 2254 1510 eorumdem

360 1549 610 1600 tabellam
651 1549 710 1597 in
758 1547 977 1598 sacrario
1025 1561 1312 1612 appensam
1373 1547 1555 1594 teneat
1572 1560 1589 1593 t
1649 1559 1787 1594 nova
1833 1549 2088 1611 perpetua
2146 1561 2254 1595 non

359 1639 592 1684 assumat
617 1635 727 1684 sine
753 1632 983 1699 episcopi
1014 1630 1313 1681 sanctione:
1352 1629 1397 1679 si
1432 1629 1595 1679 nimis
1627 1644 1840 1679 onerosa
1874 1628 2157 1679 videantur
2193 1645 2255 1679 ea

356 1736 492 1786 quae
525 1719 644 1786 jam
685 1718 845 1768 habet
883 1715 1237 1784 persolvenda,
1280 1718 1376 1764 aut
1407 1729 1515 1765 non
1551 1713 1747 1764 existat
1779 1729 2007 1782 congrua
2031 1713 2253 1778 dotatio,

361 1805 665 1871 episcopum
689 1804 861 1866 adeat,
886 1802 969 1852 vel
992 1803 1050 1852 in
1074 1801 1381 1852 visitatione
1405 1800 1472 1851 de
1494 1816 1550 1850 re
1573 1800 1847 1850 certiorem
1871 1799 2050 1849 faciat.

505 1890 554 1941 6.
606 1889 664 1940 Si
688 1890 806 1956 quis
831 1888 1071 1939 fidelium
1096 1886 1318 1937 Missam
1342 1884 1751 1936 anniversariam
1775 1884 1860 1935 vel
1883 1884 2254 1951 quotidianam

359 1972 577 2022 fundare
615 1972 857 2035 voluerit,
899 1970 1175 2039 negotium
1214 1985 1337 2019 cum
1379 1956 1623 2036 episcopo
1665 1971 1746 2018 est
1787 1968 2162 2029 tractandum3
2198 1973 2256 2020 et

362 2074 566 2106 summa
590 2058 656 2107 ad
680 2057 778 2107 1100
803 2056 994 2106 collata
1018 2056 1076 2105 in
1099 2054 1323 2105 utilibus
1359 2052 1750 2103 investimentis
1783 2052 1886 2102 erit
1921 2052 2253 2118 insumenda,

356 2143 589 2205 servatiS,
603 2143 661 2192 in
684 2146 944 2209 quantum
967 2141 1200 2192 locorum
1225 2144 1281 2191 et
1303 2144 1600 2206 temporum
1615 2137 2042 2189 circumstantiae
2060 2139 2254 2204 sinant,

362 2227 622 2277 canonicis
665 2227 1050 2286 sanctionibus3
1086 2229 1152 2277 ut
1192 2241 1428 2276 annuum
1465 2224 1699 2276 fructum
1722 2241 1817 2292 pro
1841 2225 2114 2277 dotatione
2137 2242 2255 2294 per-

360 2317 523 2379 petua
545 2311 745 2362 reddat.

504 2395 555 2447 7.
603 2396 682 2446 De
701 2399 937 2463 aegrotos
962 2394 1227 2446 visitando
1252 2399 1308 2446 et
1331 2397 1615 2447 morientes
1630 2396 1869 2463 juvando
1894 2398 1966 2448 sit
1990 2397 2254 2459 solicitum

359 2500 457 2533 nec
482 2486 600 2549 post
626 2481 960 2532 Sacramenta
984 2485 1222 2548 suscepta
1244 2497 1450 2547 prorsus
1473 2481 1739 2549 relinquat
1758 2500 1772 2542 3
1810 2483 1901 2534 sed
1925 2499 2096 2551 saepe,
2120 2487 2193 2547 et,
2208 2484 2255 2535 si

360 2572 570 2635 tempus
610 2571 873 2634 suppetat,
913 2566 1151 2633 quotidie
1189 2566 1403 2630 invisat,
1446 2582 1509 2617 ac
1550 2567 1610 2617 in
1653 2569 1900 2619 extremis
1935 2569 2164 2620 assistat.
2200 2567 2254 2620 S.

355 2652 650 2714 Viaticum,
691 2654 954 2718 protracto
992 2651 1189 2713 morbo,
1227 2668 1324 2702 nec
1366 2655 1613 2707 cessante.
1639 2652 1888 2720 pericu10‚
1929 2654 2257 2721 frequentius

362 2736 710 2788 administret.
783 2734 917 2785 Vere
952 2734 1219 2785 laudabile
1251 2739 1332 2786 est
1368 2735 1650 2799 defunctis,
1675 2737 1720 2787 si
1753 2739 2125 2790 coemeterium
2148 2755 2257 2790 non

362 2821 631 2882 habeatur,
682 2820 825 2869 domi
871 2819 1020 2886 justa
1067 2820 1307 2886 persolvi,
1356 2821 1402 2871 si
1449 2821 1517 2871 ad
1569 2822 1843 2873 ecclesiam
1893 2821 2060 2891 (quod
2121 2828 2257 2876 esset

357 2903 679 2974 optandum)
705 2905 920 2954 cadaver
943 2905 1129 2955 deferri
1146 2922 1252 2955 non
1275 2906 1457 2972 possit.
1515 2904 1812 2959 Catholicos
1830 2925 1950 2959 vero
1967 2907 2257 2973 hortamur,

362 2995 427 3040 ut
449 2990 644 3055 ubique
667 2989 751 3039 vel
774 2990 1084 3039 coemeteria
1106 2990 1215 3040 ritu
1240 2991 1499 3042 catholico
1522 2992 1876 3043 benedicenda
1912 2993 2014 3044 sibi
2045 3011 2259 3062 compa-

363 3078 496 3136 rent,
556 3074 639 3123 vel
710 3074 802 3124 ubi
873 3074 1088 3141 publica
1148 3077 1459 3126 coemeteria
1519 3077 1820 3144 sumptibus
1886 3080 2257 3132 communibus

363 3161 755 3226 praeparantur,
778 3162 985 3224 partem
1010 3160 1110 3210 sibi
1135 3160 1257 3210 solis
1280 3163 1526 3212 reservari
1549 3167 1845 3229 procurent.

509 3246 558 3293 8.
610 3242 913 3294 Cavendum
939 3248 1020 3295 est
1041 3261 1109 3295 ne
1134 3247 1364 3297 sacerdos
1399 3249 1458 3298 in
1494 3248 1728 3315 aliquam
1764 3250 1968 3301 incidat
2004 3251 2258 3303 avaritiae

366 3329 732 3396 suspicionem,
758 3346 812 3379 se
835 3333 1271 3381 testamentorum
1295 3333 1612 3384 confectioni
1647 3335 1966 3399 immiscenS,
1991 3336 2038 3386 si
2067 3336 2258 3387 saltem

366 3414 424 3463 in
466 3413 801 3462 commodum
840 3413 1085 3464 ecclesiae
1120 3415 1205 3465 vel
1240 3432 1547 3483 pauperum,
1583 3417 1839 3469 bonorum
1869 3424 2074 3486 partem
2098 3422 2258 3472 mori-

366 3497 574 3548 bundus
622 3497 790 3547 cedat.
887 3497 991 3548 Sed
1038 3500 1106 3550 ab
1152 3500 1349 3551 insanis
1397 3504 1744 3568 quorumdam
1792 3504 2103 3556 clamoribus
2149 3523 2257 3557 non

368 3583 689 3632 deterreatur
711 3581 779 3631 ab
802 3581 971 3631 officio
988 3584 1237 3634 monendi
1261 3601 1347 3635 eos
1364 3586 1458 3652 qui
1482 3586 1681 3653 injuste
1703 3592 2007 3654 rapuerunt,
2026 3593 2091 3639 ut
2113 3605 2256 3641 nunc

369 3666 585 3716 tandem
623 3666 1014 3716 restitutionem
1057 3667 1286 3730 faciant3
1323 3687 1421 3720 nec
1462 3687 1568 3721 11011
1602 3689 1687 3723 eos
1719 3672 1965 3724 hortandi
2001 3675 2093 3740 qui
2118 3691 2256 3725 nun-

361 3767 530 3817 ·quam
553 3749 611 3798 in
635 3765 886 3815 pauperes
910 3751 1317 3803 misericordiam
1341 3754 1593 3820 fecerunt,
1618 3761 1683 3808 ut
1717 3758 1935 3809 tandem
1970 3758 2256 3826 aliquando

370 3839 586 3902 peccata
610 3851 703 3884 sua
727 3834 1063 3903 eleemosynis
1087 3838 1365 3890 redimant.
