2534 4374
978 483 1250 527 DECRETA.
2068 477 2146 534 45

389 632 477 681 41.
529 630 901 685 Praesentibus
944 633 1114 685 tribus
1163 633 1430 686 canonicis
1480 639 1715 703 tempore
1764 636 2057 704 praefinito,
2083 639 2148 688 ad

246 719 399 767 actus
424 717 742 785 capitulares
783 718 993 787 procedi
1017 722 1217 787 protest
1239 720 1405 770 etiam
1448 719 1664 772 absente
1688 720 1971 790 dignitate,
1997 722 2150 773 dum-

242 802 400 853 modo
425 803 673 855 canonice
698 803 840 855 facta
864 804 1024 855 fuerit
1048 804 1272 872 capituli
1300 803 1633 856 Convocati0.

386 890 472 940 42.
525 888 656 940 Post
680 894 903 941 mortem
931 890 1180 958 Episcopi
1207 890 1405 959 singuli
1433 888 1684 942 Canonici
1709 892 1931 943 aderunt
1955 897 2018 944 ut
2035 893 2147 960 ejus

243 971 415 1024 funeri
439 974 620 1025 debito
644 991 767 1026 cum
793 975 985 1027 honore
1027 976 1267 1027 faciendo
1291 976 1556 1028 assistant.
1631 976 1705 1027 Et
1729 978 1869 1028 intra
1893 984 2011 1029 octo
2036 979 2147 1029 dies

240 1073 274 1107 a
296 1062 466 1110 morte
491 1059 760 1128 Episcopi,
785 1058 1096 1128 Capitulum
1121 1061 1420 1112 nominabit
1444 1078 1536 1129 per
1573 1061 1792 1113 liberam
1833 1062 2144 1114 electionem

239 1159 394 1194 suum
440 1144 730 1208 Vicarium,
778 1145 872 1213 qui
920 1146 989 1196 ad
1038 1145 1280 1197 tramites
1329 1162 1589 1197 canonum
1644 1147 1922 1198 dioecesim
1971 1164 2144 1214 regere

238 1230 423 1296 possit,
447 1230 646 1297 quique
684 1230 846 1281 semel
871 1231 1175 1282 nominatus
1198 1247 1304 1282 non
1341 1236 1518 1299 potest
1542 1234 1768 1284 revocari
1806 1249 1839 1283 a
1877 1231 2143 1301 Capitu10,

242 1315 442 1382 quique
466 1331 604 1366 unus
640 1319 857 1366 tantum
884 1332 994 1367 esse
1018 1321 1211 1383 potest.

383 1402 471 1451 43.
522 1399 672 1451 Tunc
690 1399 805 1451 loco
830 1404 886 1451 et
910 1401 998 1452 die
1022 1401 1091 1453 ab
1108 1400 1530 1471 ArchiepiscopO,
1554 1403 1657 1466 vel,
1672 1420 1733 1455 eo
1757 1404 2035 1471 impedito,
2061 1402 2144 1455 vel

237 1486 531 1548 demortu0‚
579 1485 648 1536 ab
696 1485 958 1554 Episcopo
1007 1488 1204 1538 seniore
1252 1488 1583 1558 assignandO,
1631 1505 1736 1539 non
1784 1494 1964 1540 tamen
2006 1483 2145 1540 ultra

236 1586 472 1622 mensem
491 1587 524 1621 a
537 1570 625 1622 die
648 1571 834 1622 mortis
853 1571 1122 1640 Episcopi,
1149 1570 1456 1640 Capitulum
1480 1574 1883 1634 convocabitur3
1920 1580 1992 1636 et,
2011 1573 2147 1625 cele-

236 1655 390 1707 brata
431 1672 522 1723 per
548 1654 874 1707 Canonicum
917 1657 1214 1726 digniorem
1262 1658 1422 1709 missa
1470 1658 1536 1709 de
1585 1657 1790 1726 Spiritu
1839 1658 2050 1722 Sancto,
2090 1664 2144 1709 et

234 1742 490 1810 praestito
531 1758 564 1793 a
611 1741 836 1811 singulis
875 1741 1181 1810 juramento
1230 1743 1296 1794 de
1338 1748 1534 1795 secreto
1582 1744 1851 1807 servand0,
1891 1743 2141 1796 Canonici

236 1826 487 1896 suffragia
505 1843 600 1878 sua
624 1830 822 1878 secreto
841 1827 1108 1895 deponent
1131 1828 1189 1878 in
1207 1844 1340 1879 urna
1357 1829 1426 1879 ad
1444 1828 1543 1880 hoc
1562 1829 1832 1896 disposita.
1889 1829 1954 1879 In
1973 1831 2144 1898 primo

236 1910 486 1980 suffragio
510 1911 711 1980 singuli
734 1912 1066 1964 adnotabunt
1090 1929 1285 1964 nomen
1308 1912 1455 1964 illius
1479 1930 1727 1981 personae
1762 1914 2144 1966 ecclesiasticae

234 2013 398 2065 quam
439 1996 509 2048 ad
543 1995 736 2048 Sedem
784 2001 1064 2048 vacantem
1112 1998 1286 2067 magis
1333 1998 1584 2049 idoneum
1626 1999 1685 2049 in
1727 1997 1956 2050 Domino
1996 2000 2143 2068 judi-

235 2082 488 2134 caverint.
562 2082 710 2134 Haec
769 2099 891 2134 vero
953 2082 1204 2153 suffragia
1263 2083 1324 2134 in
1384 2085 1594 2152 scriptis
1654 2085 1935 2149 dabuntur,
1996 2086 2143 2136 nulla

234 2165 556 2216 discussione
603 2165 950 2233 praecedente
996 2166 1056 2216 in
1104 2170 1371 2217 conventu
1417 2166 1719 2234 capitulari,
1767 2172 1823 2219 et
1882 2184 1915 2218 a
1974 2168 2143 2219 tribus

235 2250 614 2302 scrutatoribus
637 2250 697 2302 in
720 2250 881 2301 initio
917 2251 1158 2302 sessionis
1195 2250 1378 2302 electis
1417 2252 1764 2319 excipientur.
1838 2252 1925 2304 Ita
1962 2257 2142 2304 tamen

233 2335 483 2403 plicanda
507 2338 634 2387 sunt
655 2339 722 2386 ut
744 2335 956 2388 nonnisi
980 2353 1175 2387 nomen
1198 2337 1523 2404 proponendi
1547 2337 1654 2407 legi
1678 2338 1860 2405 possit.
1934 2337 2141 2390 Nomen

233 2422 577 2489 proponentis
600 2422 826 2473 interius
851 2421 1129 2485 scribatur,
1165 2426 1222 2472 et
1261 2420 1575 2490 suffragium
1618 2423 1690 2473 sit
1731 2423 1862 2474 bene
1905 2424 2141 2475 clausum

236 2506 414 2575 sigillo
439 2523 547 2558 non
571 2510 717 2558 noto.
794 2505 975 2575 Stylus
999 2524 1120 2558 vero
1147 2507 1447 2575 scriptionis
1474 2510 1544 2559 sit
1568 2509 1802 2560 diversus
1840 2509 1908 2560 ab
1933 2527 2011 2573 eo,
2036 2527 2142 2578 quo

235 2591 411 2643 utitur
434 2592 697 2644 ordinarie
720 2593 766 2642 is
791 2592 886 2660 qui
906 2591 1218 2662 suffragium
1235 2594 1353 2644 fert.
1429 2593 1653 2655 Deinde,
1668 2611 1732 2644 ex
1752 2596 2139 2662 comparatione¹

235 2676 621 2746 suffragiorum,
671 2678 865 2728 scietur
913 2678 959 2728 si
1007 2679 1127 2745 quis
1175 2679 1419 2730 habuerit
1466 2679 1693 2729 totidem
1742 2679 1991 2749 suffiagia
2039 2680 2139 2730 sibi

234 2762 560 2826 favorabilia,
585 2767 718 2830 quot
742 2762 1005 2814 excedunt
1039 2765 1384 2815 medietatem
1428 2764 1794 2834 suffragiorum
1837 2769 1950 2816 tam
1993 2782 2140 2832 prae-

233 2848 484 2911 sentium,
533 2864 695 2916 quam
749 2848 1052 2899 absentium
1099 2866 1190 2917 per
1237 2854 1591 2917 procuratores
1640 2855 2137 2918 repraesentatorum

235 2949 341 2985 non
365 2949 485 2984 vero
509 2933 811 2984 absentium
835 2933 1032 3001 absque
1070 2939 1416 3002 procuratore.
1490 2935 1785 2987 Publicatis
1820 2941 1942 3004 post
1975 2936 2139 3003 quod-

235 3018 369 3070 libet
398 3019 716 3069 scrutinium
739 3019 1061 3083 nominibuS,
1086 3021 1460 3072 comburantur
1484 3021 1598 3088 ipsa
1623 3020 1888 3090 suffragia.

378 3105 467 3155 44.
515 3103 773 3155 Absentes
796 3108 978 3155 tamen
1014 3121 1121 3156 non
1162 3106 1343 3157 valent
1379 3123 1473 3174 per
1514 3106 1718 3157 litteras
1760 3111 1944 3156 votum
1983 3123 2136 3157 suum

234 3189 452 3257 aperire,
477 3189 566 3239 sed
607 3205 701 3256 per
736 3194 1125 3257 procuratorem
1166 3208 1197 3242 e
1235 3192 1437 3260 gremio
1477 3189 1714 3258 Capituli
1737 3190 2058 3259 eligendum,
2084 3201 2138 3241 et,

236 3274 509 3325 munitum
526 3273 771 3342 legitimo
794 3275 1065 3338 mandat0,
1084 3276 1226 3343 quod
1243 3292 1350 3327 non
1375 3279 1552 3343 potest
1569 3276 1787 3326 admitti
1807 3277 1907 3326 nisi
1927 3281 2140 3343 propter

236 3375 468 3421 causam,
491 3374 610 3409 vere
633 3359 993 3421 necessariam,
1019 3359 1155 3410 clare
1193 3360 1511 3427 descriptam
1537 3365 1593 3411 et
1637 3358 1884 3427 Capitulo
1909 3360 2129 3426 proban-

237 3444 394 3504 dam3
420 3443 506 3494 vel
524 3446 735 3511 propter
758 3442 1027 3495 infirmam
1052 3444 1431 3507 valetudinem,
1457 3462 1561 3512 quo
1587 3446 1644 3495 in
1669 3462 1791 3495 casu
1815 3446 2138 3512 exprimatur

234 3528 378 3595 quod
397 3527 463 3578 de
478 3527 695 3578 consilio
710 3529 870 3579 unius
889 3528 1078 3579 saltem
1097 3529 1292 3579 medici
1312 3534 1368 3580 et
1386 3530 1542 3580 unius
1553 3527 1801 3581 Canonici
1821 3529 2136 3580 documento

238 3614 341 3681 ipsi
367 3631 420 3664 se
445 3614 904 3676 subscribentium,
923 3613 1230 3680 capitularis
1254 3614 1443 3680 nequit
1461 3614 1652 3664 adesse.
1726 3612 2034 3666 Procurator
2057 3621 2136 3665 est

236 3698 603 3749 admittendus
646 3698 910 3749 duntaxat
951 3698 1020 3749 ad
1062 3702 1167 3749 tres
1216 3698 1431 3749 schedas
1479 3697 1757 3749 tradendas
1806 3698 2138 3749 continentes

237 3783 456 3835 nomina
498 3787 555 3834 et
593 3783 936 3850 praenomina
975 3782 1387 3851 deligendorum.
