2534 4374
468 431 594 492 268
1037 450 1200 495 οοΝο.
1245 454 1408 497 PRov.
1454 455 1675 500 wEer.
1721 460 1800 501 1v.

607 595 671 646 V.
723 595 918 646 Divina
942 596 1194 648 revelatio
1229 602 1310 649 est
1343 600 1653 667 imperfecta
1677 608 1734 654 et
1757 603 1955 655 idcirco
1987 605 2221 673 subjecta
2244 622 2382 657 con-

462 680 617 730 tinuo
640 683 696 730 et
719 680 998 732 indefinito
1021 684 1330 752 progressui,
1355 685 1449 751 qui
1482 684 1744 738 humanae
1776 690 1996 740 rationis
2020 691 2367 759 progressioni

463 765 794 832 respondeat.

719 868 857 920 Epist.
878 868 1048 921 encycl.
1064 869 1141 916 Qui
1153 870 1343 920 pluribue
1362 873 1387 911 9
1405 871 1672 924 Novembris,
1698 876 1813 916 1846.

719 934 855 975 Alloc.
876 936 1061 976 Maxima
1083 938 1238 987 quidem
1256 940 1280 978 9
1298 937 1437 989 Junii,
1463 940 1579 979 1862.

606 1049 702 1101 VI.
754 1048 950 1102 Christi
991 1051 1121 1102 fides
1162 1052 1425 1104 humanae
1473 1053 1766 1123 refragatur
1812 1057 2031 1117 rationi3
2081 1057 2383 1126 divinaque—

462 1135 718 1186 revelatio
759 1151 864 1186 non
910 1135 1081 1187 solum
1123 1136 1264 1187 nihil
1300 1138 1528 1205 prodest,
1554 1155 1734 1190 verum
1770 1141 1936 1192 etiam
1959 1146 2115 1193 nocet
2137 1143 2382 1195 hominis

462 1220 793 1287 perfectioni.

719 1325 858 1378 Epist.
880 1326 1040 1379 encycl.
1065 1327 1142 1373 Qua·
1154 1327 1340 1377 pluribus
1358 1329 1382 1367 9
1401 1326 1668 1378 Novembris,
1700 1331 1815 1370 1846.

720 1392 854 1433 Alloc.
875 1394 1059 1433 Maxima
1076 1395 1230 1445 quidem
1249 1397 1273 1434 9
1294 1393 1432 1445 Junii,
1458 1395 1576 1435 1862.

605 1510 733 1562 VII.
784 1509 1100 1578 Prophetiae
1139 1516 1195 1562 et
1236 1511 1491 1563 miracula
1523 1512 1582 1563 in
1616 1513 1772 1564 sacris
1803 1513 2023 1565 Litteris
2048 1515 2286 1582 exposita
2310 1519 2371 1568 et

461 1600 670 1647 narrata
707 1600 832 1646 sunt
863 1600 1140 1663 poetarum
1167 1600 1486 1660 commenta,
1509 1602 1566 1648 et
1590 1597 1908 1649 christianae
1950 1598 2076 1650 fidei
2118 1600 2383 1667 mysteria

462 1681 942 1749 philosophicarum
983 1681 1458 1748 investigationum
1502 1699 1706 1732 summa
1718 1700 1732 1742 ;
1776 1688 1832 1733 et
1870 1684 2146 1751 utriusque
2183 1684 2382 1736 Testa²

462 1766 634 1818 menti
658 1765 808 1818 libris
826 1765 1062 1834 mythica
1081 1767 1420 1817 continentur
1443 1768 1686 1828 inventa3
1711 1769 1928 1835 ipseque
1951 1767 1986 1819 J
1988 1785 2103 1819 esus
2130 1767 2381 1820 Christus-

464 1856 544 1903 est
567 1851 806 1920 mythica
829 1851 994 1903 fictio.

718 1948 855 2000 Epist.
878 1947 1038 2000 encycl.
1064 1948 1141 1995 Qui
1153 1947 1342 1998 pluribus
1361 1950 1385 1988 9
1404 1947 1674 2000 Novembris,
1700 1950 1817 1990 1846.

717 2011 854 2053 Alloc.
875 2013 1059 2052 Maxima
1077 2012 1231 2063 quidem
1250 2013 1274 2051 9
1293 2010 1430 2062 Junii,
1456 2013 1573 2052 1862.

1343 2198 1368 2265 ς
1408 2198 1486 2250 ΙΙ.

997 2322 1451 2376 Εαΐτὶοηαῑίετηαε
1487 2323 1824 2378 moderatus.

605 2455 765 2507 VIII.
816 2454 991 2515 Quum
1039 2454 1174 2504 ratio
1231 2453 1466 2504 humana
1522 2454 1626 2521 ipsi
1683 2454 1929 2522 religioni
1977 2455 2379 2523 aequiparetur,

460 2542 657 2592 idcirco
700 2540 1030 2609 theologicae
1078 2538 1389 2606 disciplinae
1431 2539 1650 2607 perinde
1693 2556 1754 2590 ac
1797 2540 2187 2608 philosophicae
2228 2544 2381 2592 trac—

466 2627 659 2678 tandae
684 2630 824 2677 sunt.

720 2730 854 2771 Alloc.
877 2730 1085 2781 Sinqulart'
1104 2730 1272 2780 quadam
1284 2728 1445 2780 perfusi
1464 2731 1488 2768 9
1508 2728 1766 2778 Decembris,
1791 2729 1905 2769 1854.

607 2844 709 2894 ΙΧ.
761 2841 954 2894 Omnia
978 2840 1447 2892 indiscriminatim
1471 2840 1724 2908 dogmata
1747 2840 2019 2909 religionis
2048 2840 2380 2893 christianae:

465 2934 590 2982 sunt
614 2929 696 2997 obj
704 2931 882 2979 ectum
906 2926 1162 2978 naturalis
1199 2926 1450 2978 scientiae
1490 2942 1581 2976 seu
1622 2924 2009 2993 philosophiae3
2054 2930 2110 2976 et
2132 2925 2371 2976 humana.

464 3016 598 3066 ratio
623 3014 870 3065 historice
895 3016 1110 3062 tantum
1148 3011 1358 3062 exculta
1390 3014 1568 3077 potest
1593 3027 1657 3060 ex
1682 3010 1788 3060 suis
1812 3009 2141 3060 naturalibus
2164 3009 2379 3060 viribus.

466 3106 522 3153 et
544 3098 819 3168 principiis
843 3097 911 3148 ad
935 3113 1113 3147 veram
1155 3095 1222 3146 de
1264 3095 1508 3146 omnibus
1551 3094 1716 3145 etiam
1758 3093 2191 3144 reconditioribus
2232 3093 2364 3162 dog-

464 3185 697 3236 matibus
737 3182 1017 3234 scientiam
1055 3181 1339 3248 pervenire,
1363 3180 1519 3229 modo
1561 3178 1690 3229 haec
1730 3178 1982 3247 dogmata
2023 3178 2126 3244 ipsi
2168 3177 2376 3229 rationi

465 3275 741 3338 tamquam
765 3267 1033 3336 objectum
1057 3266 1325 3334 proposita
1349 3264 1565 3314 fuerint.

721 3372 858 3425 Epist.
880 3371 934 3412 ad
950 3370 1149 3422 Archiep.
1170 3368 1355 3420 Frising.
1380 3368 1645 3408 Gravissima
1665 3369 1712 3406 11
1734 3365 1992 3414 Decembris,
2017 3367 2131 3406 1862.

721 3437 857 3491 Epist.
878 3437 933 3478 ad
953 3436 1144 3478 eumdem
1167 3437 1271 3476 Tuas
1291 3435 1454 3474 libenter
1490 3435 1538 3472 21
1561 3432 1820 3483 Decembris,
1848 3434 1963 3472 1863.

608 3555 679 3606 X.
730 3553 907 3614 Quum
944 3551 1091 3602 aliud
1129 3551 1201 3600 sit
1232 3547 1592 3616 philosophuS,
1615 3547 1762 3597 aliud
1786 3545 2137 3614 philosophia,
2162 3545 2255 3596 ille
2271 3545 2377 3611 jus

463 3643 522 3691 et
546 3639 778 3691 officium
815 3636 976 3687 habet
1015 3652 1069 3687 se
1108 3633 1459 3685 submittendi
1497 3631 1824 3695 auctoritati,
1851 3647 2014 3698 quam
2053 3646 2227 3682 veram
2250 3629 2377 3697 ipse

2515 3662 2534 3684 ,τ’

2531 3692 2534 3701 ι

2531 3779 2534 3787 ι

2524 3822 2534 3830 ,1

2499 3840 2506 3843 r
2525 3834 2534 3841 1

2525 3886 2534 3954 ἑ
