<?xml version="1.0" encoding="UTF-8"?>
<!DOCTYPE html PUBLIC "-//W3C//DTD XHTML 1.0 Transitional//EN"
    "http://www.w3.org/TR/xhtml1/DTD/xhtml1-transitional.dtd">
<html xmlns="http://www.w3.org/1999/xhtml" xml:lang="en" lang="en">
 <head>
  <title>
</title>
<meta http-equiv="Content-Type" content="text/html;charset=utf-8" />
  <meta name='ocr-system' content='tesseract 3.04.00' />
  <meta name='ocr-capabilities' content='ocr_page ocr_carea ocr_par ocr_line ocrx_word'/>
</head>
<body>
  <div class='ocr_page' id='page_1' title='image "a613744800cathuoft_0276.png"; bbox 0 0 2534 4374; ppageno 0'>
   <div class='ocr_carea' id='block_1_1' title="bbox 492 381 1835 442">
    <p class='ocr_par' dir='ltr' id='par_1_1' title="bbox 492 381 1835 442">
     <span class='ocr_line' id='line_1_1' title="bbox 492 381 1835 442; baseline 0.004 -6"><span class='ocrx_word' id='word_1_1' title='bbox 492 381 618 437; x_wconf 76' lang='grc'>258</span> <span class='ocrx_word' id='word_1_2' title='bbox 1057 397 1222 440; x_wconf 63' lang='lat' dir='ltr'>corso.</span> <span class='ocrx_word' id='word_1_3' title='bbox 1267 397 1441 440; x_wconf 75' lang='lat' dir='ltr'>PRov.</span> <span class='ocrx_word' id='word_1_4' title='bbox 1487 398 1710 441; x_wconf 76' lang='lat' dir='ltr'><strong>wsser.</strong></span> <span class='ocrx_word' id='word_1_5' title='bbox 1754 399 1835 442; x_wconf 92' lang='lat' dir='ltr'>1v.</span> 
     </span>
    </p>
   </div>
   <div class='ocr_carea' id='block_1_2' title="bbox 481 542 2395 2231">
    <p class='ocr_par' dir='ltr' id='par_1_2' title="bbox 484 542 2394 1449">
     <span class='ocr_line' id='line_1_2' title="bbox 487 542 2390 611; baseline 0.004 -19"><span class='ocrx_word' id='word_1_6' title='bbox 487 542 655 593; x_wconf 91' lang='lat' dir='ltr'>iidem</span> <span class='ocrx_word' id='word_1_7' title='bbox 720 542 1020 594; x_wconf 88' lang='lat' dir='ltr'>Decessores</span> <span class='ocrx_word' id='word_1_8' title='bbox 1075 543 1258 594; x_wconf 80' lang='lat' dir='ltr'>Nostri</span> <span class='ocrx_word' id='word_1_9' title='bbox 1322 544 1626 611; x_wconf 89' lang='lat' dir='ltr'>Apostolica</span> <span class='ocrx_word' id='word_1_10' title='bbox 1692 546 2006 598; x_wconf 82' lang='lat' dir='ltr'>fortitudine</span> <span class='ocrx_word' id='word_1_11' title='bbox 2063 548 2390 600; x_wconf 83' lang='lat' dir='ltr'>continenter</span> 
     </span>
     <span class='ocr_line' id='line_1_3' title="bbox 487 629 2391 700; baseline 0.003 -21"><span class='ocrx_word' id='word_1_12' title='bbox 487 629 809 680; x_wconf 86' lang='lat' dir='ltr'>obstiterunt</span> <span class='ocrx_word' id='word_1_13' title='bbox 860 629 1073 680; x_wconf 83' lang='lat' dir='ltr'>nefariis</span> <span class='ocrx_word' id='word_1_14' title='bbox 1098 629 1405 695; x_wconf 84' lang='lat' dir='ltr'>iniquorum</span> <span class='ocrx_word' id='word_1_15' title='bbox 1438 629 1720 681; x_wconf 88' lang='lat' dir='ltr'>hominum</span> <span class='ocrx_word' id='word_1_16' title='bbox 1756 631 2146 696; x_wconf 83' lang='lat' dir='ltr'>molitionibuS,</span> <span class='ocrx_word' id='word_1_17' title='bbox 2169 634 2263 700; x_wconf 90' lang='lat' dir='ltr'>qui</span> <span class='ocrx_word' id='word_1_18' title='bbox 2300 633 2391 685; x_wconf 90' lang='lat' dir='ltr'>de-</span> 
     </span>
     <span class='ocr_line' id='line_1_4' title="bbox 488 712 2389 782; baseline 0.003 -18"><span class='ocrx_word' id='word_1_19' title='bbox 488 719 795 782; x_wconf 83' lang='lat' dir='ltr'><strong>spumantes</strong></span> <span class='ocrx_word' id='word_1_20' title='bbox 819 719 1097 781; x_wconf 89' lang='lat' dir='ltr'>tamquam</span> <span class='ocrx_word' id='word_1_21' title='bbox 1130 712 1327 765; x_wconf 86' lang='lat' dir='ltr'>fluctus</span> <span class='ocrx_word' id='word_1_22' title='bbox 1352 715 1449 765; x_wconf 88' lang='lat' dir='ltr'>feri</span> <span class='ocrx_word' id='word_1_23' title='bbox 1474 717 1634 766; x_wconf 88' lang='lat' dir='ltr'>maris</span> <span class='ocrx_word' id='word_1_24' title='bbox 1653 717 1983 767; x_wconf 89' lang='lat' dir='ltr'>confusiones</span> <span class='ocrx_word' id='word_1_25' title='bbox 2003 734 2138 781; x_wconf 82' lang='lat' dir='ltr'>suaS,</span> <span class='ocrx_word' id='word_1_26' title='bbox 2157 734 2218 768; x_wconf 89' lang='lat' dir='ltr'>ac</span> <span class='ocrx_word' id='word_1_27' title='bbox 2237 717 2389 770; x_wconf 91' lang='lat' dir='ltr'>liber-</span> 
     </span>
     <span class='ocr_line' id='line_1_5' title="bbox 488 799 2392 868; baseline 0.003 -19"><span class='ocrx_word' id='word_1_28' title='bbox 488 803 656 850; x_wconf 90' lang='lat' dir='ltr'>tatem</span> <span class='ocrx_word' id='word_1_29' title='bbox 695 799 1088 866; x_wconf 83' lang='lat' dir='ltr'>promittenteS‚</span> <span class='ocrx_word' id='word_1_30' title='bbox 1114 816 1238 849; x_wconf 94' lang='lat' dir='ltr'>cum</span> <span class='ocrx_word' id='word_1_31' title='bbox 1271 799 1404 850; x_wconf 89' lang='lat' dir='ltr'>servi</span> <span class='ocrx_word' id='word_1_32' title='bbox 1441 799 1551 850; x_wconf 90' lang='lat' dir='ltr'>sint</span> <span class='ocrx_word' id='word_1_33' title='bbox 1583 802 1952 868; x_wconf 81' lang='lat' dir='ltr'>corruptioniS,</span> <span class='ocrx_word' id='word_1_34' title='bbox 1977 802 2254 854; x_wconf 81' lang='lat' dir='ltr'>fallacibus</span> <span class='ocrx_word' id='word_1_35' title='bbox 2285 804 2392 854; x_wconf 88' lang='lat' dir='ltr'>suis</span> 
     </span>
     <span class='ocr_line' id='line_1_6' title="bbox 487 883 2390 956; baseline 0.002 -22"><span class='ocrx_word' id='word_1_36' title='bbox 487 885 826 952; x_wconf 80' lang='lat' dir='ltr'>opinionibus</span> <span class='ocrx_word' id='word_1_37' title='bbox 884 887 940 934; x_wconf 91' lang='lat' dir='ltr'>et</span> <span class='ocrx_word' id='word_1_38' title='bbox 994 883 1451 951; x_wconf 82' lang='lat' dir='ltr'>perniciosissimis</span> <span class='ocrx_word' id='word_1_39' title='bbox 1508 884 1719 952; x_wconf 91' lang='lat' dir='ltr'>scriptis</span> <span class='ocrx_word' id='word_1_40' title='bbox 1777 885 2069 937; x_wconf 86' lang='lat' dir='ltr'>catholicae</span> <span class='ocrx_word' id='word_1_41' title='bbox 2117 887 2390 956; x_wconf 84' lang='lat' dir='ltr'>religionis</span> 
     </span>
     <span class='ocr_line' id='line_1_7' title="bbox 487 969 2390 1040; baseline 0.002 -20"><span class='ocrx_word' id='word_1_42' title='bbox 487 971 762 1036; x_wconf 91' lang='lat' dir='ltr'>civilisque</span> <span class='ocrx_word' id='word_1_43' title='bbox 788 969 1057 1019; x_wconf 88' lang='lat' dir='ltr'>societatis</span> <span class='ocrx_word' id='word_1_44' title='bbox 1081 969 1430 1020; x_wconf 83' lang='lat' dir='ltr'>fundamenta</span> <span class='ocrx_word' id='word_1_45' title='bbox 1459 969 1769 1034; x_wconf 88' lang='lat' dir='ltr'>convellere,</span> <span class='ocrx_word' id='word_1_46' title='bbox 1793 988 2111 1040; x_wconf 90' lang='lat' dir='ltr'>omnemque</span> <span class='ocrx_word' id='word_1_47' title='bbox 2135 974 2390 1024; x_wconf 73' lang='lat' dir='ltr'>virtutem</span> 
     </span>
     <span class='ocr_line' id='line_1_8' title="bbox 485 1052 2392 1126; baseline 0.003 -21"><span class='ocrx_word' id='word_1_48' title='bbox 485 1073 549 1105; x_wconf 89' lang='lat' dir='ltr'>ac</span> <span class='ocrx_word' id='word_1_49' title='bbox 565 1054 839 1122; x_wconf 88' lang='lat' dir='ltr'>justitiam</span> <span class='ocrx_word' id='word_1_50' title='bbox 864 1053 931 1103; x_wconf 91' lang='lat' dir='ltr'>de</span> <span class='ocrx_word' id='word_1_51' title='bbox 955 1053 1131 1104; x_wconf 86' lang='lat' dir='ltr'>medio</span> <span class='ocrx_word' id='word_1_52' title='bbox 1155 1052 1358 1116; x_wconf 90' lang='lat' dir='ltr'>tollere,</span> <span class='ocrx_word' id='word_1_53' title='bbox 1377 1053 1726 1121; x_wconf 90' lang='lat' dir='ltr'>omniumque</span> <span class='ocrx_word' id='word_1_54' title='bbox 1749 1055 1955 1106; x_wconf 85' lang='lat' dir='ltr'>animos</span> <span class='ocrx_word' id='word_1_55' title='bbox 1972 1061 2279 1126; x_wconf 87' lang='lat' dir='ltr'>mentesque</span> <span class='ocrx_word' id='word_1_56' title='bbox 2304 1060 2392 1110; x_wconf 88' lang='lat' dir='ltr'>de-</span> 
     </span>
     <span class='ocr_line' id='line_1_9' title="bbox 489 1137 2392 1208; baseline 0.003 -18"><span class='ocrx_word' id='word_1_57' title='bbox 489 1157 719 1208; x_wconf 84' lang='lat' dir='ltr'>pravare,</span> <span class='ocrx_word' id='word_1_58' title='bbox 736 1142 792 1189; x_wconf 86' lang='lat' dir='ltr'>et</span> <span class='ocrx_word' id='word_1_59' title='bbox 816 1138 1056 1187; x_wconf 90' lang='lat' dir='ltr'>incautos</span> <span class='ocrx_word' id='word_1_60' title='bbox 1080 1137 1490 1206; x_wconf 89' lang='lat' dir='ltr'>imperitamque</span> <span class='ocrx_word' id='word_1_61' title='bbox 1515 1139 1823 1205; x_wconf 89' lang='lat' dir='ltr'>praesertim</span> <span class='ocrx_word' id='word_1_62' title='bbox 1844 1139 2185 1207; x_wconf 88' lang='lat' dir='ltr'>juventutem</span> <span class='ocrx_word' id='word_1_63' title='bbox 2202 1151 2235 1193; x_wconf 80' lang='lat' dir='ltr'>&#39;a</span> <span class='ocrx_word' id='word_1_64' title='bbox 2251 1149 2392 1195; x_wconf 86' lang='lat' dir='ltr'>recta</span> 
     </span>
     <span class='ocr_line' id='line_1_10' title="bbox 487 1223 2390 1295; baseline 0.002 -17"><span class='ocrx_word' id='word_1_65' title='bbox 487 1243 694 1278; x_wconf 88' lang='lat' dir='ltr'>morum</span> <span class='ocrx_word' id='word_1_66' title='bbox 724 1223 1007 1291; x_wconf 87' lang='lat' dir='ltr'>disciplina</span> <span class='ocrx_word' id='word_1_67' title='bbox 1039 1227 1287 1286; x_wconf 88' lang='lat' dir='ltr'>avertere,</span> <span class='ocrx_word' id='word_1_68' title='bbox 1313 1239 1534 1290; x_wconf 91' lang='lat' dir='ltr'>eamque</span> <span class='ocrx_word' id='word_1_69' title='bbox 1558 1224 1927 1275; x_wconf 72' lang='lat' dir='ltr'>miserabiliter</span> <span class='ocrx_word' id='word_1_70' title='bbox 1958 1243 2305 1295; x_wconf 89' lang='lat' dir='ltr'>corrumpere,</span> <span class='ocrx_word' id='word_1_71' title='bbox 2335 1231 2390 1280; x_wconf 87' lang='lat' dir='ltr'>in</span> 
     </span>
     <span class='ocr_line' id='line_1_11' title="bbox 484 1309 2394 1377; baseline 0.001 -13"><span class='ocrx_word' id='word_1_72' title='bbox 484 1313 667 1364; x_wconf 89' lang='lat' dir='ltr'>erroris</span> <span class='ocrx_word' id='word_1_73' title='bbox 690 1311 903 1377; x_wconf 90' lang='lat' dir='ltr'>laqueos</span> <span class='ocrx_word' id='word_1_74' title='bbox 933 1309 1200 1372; x_wconf 88' lang='lat' dir='ltr'>inducere,</span> <span class='ocrx_word' id='word_1_75' title='bbox 1223 1324 1284 1359; x_wconf 92' lang='lat' dir='ltr'>ac</span> <span class='ocrx_word' id='word_1_76' title='bbox 1321 1309 1540 1359; x_wconf 90' lang='lat' dir='ltr'>tandem</span> <span class='ocrx_word' id='word_1_77' title='bbox 1571 1309 1639 1360; x_wconf 93' lang='lat' dir='ltr'>ab</span> <span class='ocrx_word' id='word_1_78' title='bbox 1671 1309 1935 1361; x_wconf 89' lang='lat' dir='ltr'>Ecclesiae</span> <span class='ocrx_word' id='word_1_79' title='bbox 1959 1311 2250 1364; x_wconf 88' lang='lat' dir='ltr'>catholicae</span> <span class='ocrx_word' id='word_1_80' title='bbox 2274 1315 2394 1365; x_wconf 86' lang='lat' dir='ltr'>sinu</span> 
     </span>
     <span class='ocr_line' id='line_1_12' title="bbox 486 1394 1767 1449; baseline -0.009 0"><span class='ocrx_word' id='word_1_81' title='bbox 486 1397 711 1449; x_wconf 89' lang='lat' dir='ltr'>avellere</span> <span class='ocrx_word' id='word_1_82' title='bbox 736 1396 913 1446; x_wconf 91' lang='lat' dir='ltr'>conati</span> <span class='ocrx_word' id='word_1_83' title='bbox 939 1398 1081 1445; x_wconf 89' lang='lat' dir='ltr'>sunt.</span> <span class='ocrx_word' id='word_1_84' title='bbox 1764 1394 1767 1395; x_wconf 72' lang='grc'>’</span> 
     </span>
    </p>

    <p class='ocr_par' dir='ltr' id='par_1_3' title="bbox 481 1479 2395 2231">
     <span class='ocr_line' id='line_1_13' title="bbox 630 1479 2393 1549; baseline 0.001 -16"><span class='ocrx_word' id='word_1_85' title='bbox 630 1482 666 1533; x_wconf 86' lang='lat' dir='ltr'><strong>J</strong></span> <span class='ocrx_word' id='word_1_86' title='bbox 667 1499 755 1532; x_wconf 91' lang='lat' dir='ltr'>am</span> <span class='ocrx_word' id='word_1_87' title='bbox 790 1497 928 1544; x_wconf 81' lang='lat' dir='ltr'>vem,</span> <span class='ocrx_word' id='word_1_88' title='bbox 962 1481 1046 1530; x_wconf 89' lang='lat' dir='ltr'>uti</span> <span class='ocrx_word' id='word_1_89' title='bbox 1081 1479 1262 1543; x_wconf 85' lang='lat' dir='ltr'>Vobis,</span> <span class='ocrx_word' id='word_1_90' title='bbox 1296 1479 1633 1530; x_wconf 89' lang='lat' dir='ltr'>Venerabiles</span> <span class='ocrx_word' id='word_1_91' title='bbox 1670 1479 1896 1545; x_wconf 83' lang='lat' dir='ltr'>FratreS,</span> <span class='ocrx_word' id='word_1_92' title='bbox 1930 1483 2168 1549; x_wconf 90' lang='lat' dir='ltr'>apprime</span> <span class='ocrx_word' id='word_1_93' title='bbox 2203 1488 2393 1535; x_wconf 91' lang='lat' dir='ltr'>notum</span> 
     </span>
     <span class='ocr_line' id='line_1_14' title="bbox 485 1563 2394 1631; baseline 0.001 -11"><span class='ocrx_word' id='word_1_94' title='bbox 485 1574 584 1631; x_wconf 89' lang='lat' dir='ltr'>est,</span> <span class='ocrx_word' id='word_1_95' title='bbox 623 1567 732 1618; x_wconf 93' lang='lat' dir='ltr'>Nos</span> <span class='ocrx_word' id='word_1_96' title='bbox 771 1567 859 1617; x_wconf 86' lang='lat' dir='ltr'>vix</span> <span class='ocrx_word' id='word_1_97' title='bbox 903 1566 1032 1615; x_wconf 92' lang='lat' dir='ltr'>dum</span> <span class='ocrx_word' id='word_1_98' title='bbox 1075 1581 1263 1615; x_wconf 91' lang='lat' dir='ltr'>arcano</span> <span class='ocrx_word' id='word_1_99' title='bbox 1301 1564 1529 1615; x_wconf 82' lang='lat' dir='ltr'>Divinae</span> <span class='ocrx_word' id='word_1_100' title='bbox 1571 1563 1945 1616; x_wconf 77' lang='lat' dir='ltr'>Providentiae</span> <span class='ocrx_word' id='word_1_101' title='bbox 1982 1567 2202 1620; x_wconf 91' lang='lat' dir='ltr'>consilio</span> <span class='ocrx_word' id='word_1_102' title='bbox 2233 1570 2394 1621; x_wconf 89' lang='lat' dir='ltr'>nullis</span> 
     </span>
     <span class='ocr_line' id='line_1_15' title="bbox 482 1648 2394 1718; baseline 0 -12"><span class='ocrx_word' id='word_1_103' title='bbox 482 1659 626 1706; x_wconf 89' lang='lat' dir='ltr'>certe</span> <span class='ocrx_word' id='word_1_104' title='bbox 667 1651 874 1703; x_wconf 75' lang='lat' dir='ltr'>Nostris</span> <span class='ocrx_word' id='word_1_105' title='bbox 911 1651 1116 1700; x_wconf 90' lang='lat' dir='ltr'>meritis</span> <span class='ocrx_word' id='word_1_106' title='bbox 1155 1651 1223 1700; x_wconf 94' lang='lat' dir='ltr'>ad</span> <span class='ocrx_word' id='word_1_107' title='bbox 1266 1650 1403 1700; x_wconf 90' lang='lat' dir='ltr'>hanc</span> <span class='ocrx_word' id='word_1_108' title='bbox 1443 1650 1591 1700; x_wconf 91' lang='lat' dir='ltr'>Petri</span> <span class='ocrx_word' id='word_1_109' title='bbox 1619 1648 1934 1701; x_wconf 87' lang='lat' dir='ltr'>Cathedram</span> <span class='ocrx_word' id='word_1_110' title='bbox 1975 1653 2145 1703; x_wconf 91' lang='lat' dir='ltr'>evecti</span> <span class='ocrx_word' id='word_1_111' title='bbox 2177 1654 2394 1718; x_wconf 82' lang='lat' dir='ltr'>fuimuS‚</span> 
     </span>
     <span class='ocr_line' id='line_1_16' title="bbox 485 1734 2393 1792; baseline -0.001 -1"><span class='ocrx_word' id='word_1_112' title='bbox 485 1758 609 1792; x_wconf 93' lang='lat' dir='ltr'>cum</span> <span class='ocrx_word' id='word_1_113' title='bbox 657 1739 954 1789; x_wconf 91' lang='lat' dir='ltr'>videremus</span> <span class='ocrx_word' id='word_1_114' title='bbox 1003 1752 1210 1786; x_wconf 93' lang='lat' dir='ltr'>summo</span> <span class='ocrx_word' id='word_1_115' title='bbox 1260 1735 1430 1786; x_wconf 90' lang='lat' dir='ltr'>animi</span> <span class='ocrx_word' id='word_1_116' title='bbox 1478 1734 1659 1786; x_wconf 87' lang='lat' dir='ltr'>Nostri</span> <span class='ocrx_word' id='word_1_117' title='bbox 1708 1735 1886 1787; x_wconf 91' lang='lat' dir='ltr'>dolore</span> <span class='ocrx_word' id='word_1_118' title='bbox 1924 1736 2229 1789; x_wconf 88' lang='lat' dir='ltr'>horribilem</span> <span class='ocrx_word' id='word_1_119' title='bbox 2270 1756 2393 1790; x_wconf 89' lang='lat' dir='ltr'>sane</span> 
     </span>
     <span class='ocr_line' id='line_1_17' title="bbox 484 1812 2395 1898; baseline -0.001 -22"><span class='ocrx_word' id='word_1_120' title='bbox 484 1825 770 1894; x_wconf 90' lang='lat' dir='ltr'>procellam</span> <span class='ocrx_word' id='word_1_121' title='bbox 814 1826 898 1873; x_wconf 81' lang='lat' dir='ltr'>tot</span> <span class='ocrx_word' id='word_1_122' title='bbox 935 1823 1110 1889; x_wconf 90' lang='lat' dir='ltr'>pravis</span> <span class='ocrx_word' id='word_1_123' title='bbox 1135 1821 1474 1888; x_wconf 90' lang='lat' dir='ltr'>opinionibus</span> <span class='ocrx_word' id='word_1_124' title='bbox 1503 1821 1808 1884; x_wconf 85' lang='lat' dir='ltr'>excitatam,</span> <span class='ocrx_word' id='word_1_125' title='bbox 1827 1822 2156 1898; x_wconf 79' lang='lat' dir='ltr'>gravissima,</span> <span class='ocrx_word' id='word_1_126' title='bbox 2173 1812 2235 1875; x_wconf 88' lang='lat' dir='ltr'>ac</span> <span class='ocrx_word' id='word_1_127' title='bbox 2258 1841 2395 1898; x_wconf 87' lang='lat' dir='ltr'>nun-</span> 
     </span>
     <span class='ocr_line' id='line_1_18' title="bbox 481 1906 2395 1979; baseline 0 -18"><span class='ocrx_word' id='word_1_128' title='bbox 481 1929 647 1979; x_wconf 88' lang='lat' dir='ltr'>quam</span> <span class='ocrx_word' id='word_1_129' title='bbox 673 1910 800 1960; x_wconf 90' lang='lat' dir='ltr'>satis</span> <span class='ocrx_word' id='word_1_130' title='bbox 825 1908 1058 1977; x_wconf 88' lang='lat' dir='ltr'>lugenda</span> <span class='ocrx_word' id='word_1_131' title='bbox 1083 1908 1294 1970; x_wconf 90' lang='lat' dir='ltr'>damna,</span> <span class='ocrx_word' id='word_1_132' title='bbox 1319 1923 1456 1974; x_wconf 91' lang='lat' dir='ltr'>quae</span> <span class='ocrx_word' id='word_1_133' title='bbox 1480 1907 1539 1956; x_wconf 93' lang='lat' dir='ltr'>in</span> <span class='ocrx_word' id='word_1_134' title='bbox 1563 1906 1913 1956; x_wconf 90' lang='lat' dir='ltr'>christianum</span> <span class='ocrx_word' id='word_1_135' title='bbox 1937 1907 2197 1975; x_wconf 90' lang='lat' dir='ltr'>populum</span> <span class='ocrx_word' id='word_1_136' title='bbox 2222 1927 2286 1960; x_wconf 91' lang='lat' dir='ltr'>ex</span> <span class='ocrx_word' id='word_1_137' title='bbox 2310 1914 2395 1961; x_wconf 87' lang='lat' dir='ltr'>tot</span> 
     </span>
     <span class='ocr_line' id='line_1_19' title="bbox 486 1990 2395 2060; baseline -0.002 -11"><span class='ocrx_word' id='word_1_138' title='bbox 486 1996 739 2048; x_wconf 88' lang='lat' dir='ltr'>erroribus</span> <span class='ocrx_word' id='word_1_139' title='bbox 786 1993 1102 2054; x_wconf 88' lang='lat' dir='ltr'>redundant,</span> <span class='ocrx_word' id='word_1_140' title='bbox 1151 2009 1246 2060; x_wconf 93' lang='lat' dir='ltr'>pro</span> <span class='ocrx_word' id='word_1_141' title='bbox 1294 1990 1588 2058; x_wconf 85' lang='lat' dir='ltr'>Apostolici</span> <span class='ocrx_word' id='word_1_142' title='bbox 1636 1990 1820 2041; x_wconf 91' lang='lat' dir='ltr'>Nostri</span> <span class='ocrx_word' id='word_1_143' title='bbox 1867 1991 2158 2043; x_wconf 80' lang='lat' dir='ltr'>Ministerii</span> <span class='ocrx_word' id='word_1_144' title='bbox 2207 1993 2395 2058; x_wconf 91' lang='lat' dir='ltr'>officio,</span> 
     </span>
     <span class='ocr_line' id='line_1_20' title="bbox 485 2074 2394 2144; baseline -0.001 -13"><span class='ocrx_word' id='word_1_145' title='bbox 485 2081 715 2135; x_wconf 87' lang='lat' dir='ltr'>illustria</span> <span class='ocrx_word' id='word_1_146' title='bbox 752 2078 1212 2128; x_wconf 88' lang='lat' dir='ltr'>Praedecessorum</span> <span class='ocrx_word' id='word_1_147' title='bbox 1248 2077 1563 2127; x_wconf 88' lang='lat' dir='ltr'>Nostrorum</span> <span class='ocrx_word' id='word_1_148' title='bbox 1586 2074 1816 2144; x_wconf 86' lang='lat' dir='ltr'>vestigia</span> <span class='ocrx_word' id='word_1_149' title='bbox 1840 2080 2119 2141; x_wconf 82' lang='lat' dir='ltr'>sectanteS,</span> <span class='ocrx_word' id='word_1_150' title='bbox 2144 2077 2394 2130; x_wconf 83' lang='lat' dir='ltr'>Nostram</span> 
     </span>
     <span class='ocr_line' id='line_1_21' title="bbox 481 2160 2394 2231; baseline -0.002 -13"><span class='ocrx_word' id='word_1_151' title='bbox 481 2166 774 2219; x_wconf 85' lang='lat' dir='ltr'>extulimus</span> <span class='ocrx_word' id='word_1_152' title='bbox 798 2180 1007 2224; x_wconf 86' lang='lat' dir='ltr'>vocem3</span> <span class='ocrx_word' id='word_1_153' title='bbox 1048 2179 1109 2213; x_wconf 92' lang='lat' dir='ltr'>ac</span> <span class='ocrx_word' id='word_1_154' title='bbox 1145 2161 1388 2230; x_wconf 88' lang='lat' dir='ltr'>pluribus</span> <span class='ocrx_word' id='word_1_155' title='bbox 1419 2162 1480 2212; x_wconf 91' lang='lat' dir='ltr'>in</span> <span class='ocrx_word' id='word_1_156' title='bbox 1511 2160 1702 2228; x_wconf 84' lang='lat' dir='ltr'>vulgus</span> <span class='ocrx_word' id='word_1_157' title='bbox 1727 2160 1888 2212; x_wconf 85' lang='lat' dir='ltr'>editis</span> <span class='ocrx_word' id='word_1_158' title='bbox 1913 2161 2214 2230; x_wconf 84' lang='lat' dir='ltr'>Encyclicis</span> <span class='ocrx_word' id='word_1_159' title='bbox 2238 2163 2394 2231; x_wconf 90' lang='lat' dir='ltr'>Epis-</span> 
     </span>
    </p>
   </div>
   <div class='ocr_carea' id='block_1_3' title="bbox 484 2241 2487 2315">
    <p class='ocr_par' dir='ltr' id='par_1_4' title="bbox 484 2241 2487 2315">
     <span class='ocr_line' id='line_1_22' title="bbox 484 2241 2487 2315; baseline -0.001 -12"><span class='ocrx_word' id='word_1_160' title='bbox 484 2252 609 2303; x_wconf 87' lang='lat' dir='ltr'>tolis</span> <span class='ocrx_word' id='word_1_161' title='bbox 633 2254 689 2301; x_wconf 92' lang='lat' dir='ltr'>et</span> <span class='ocrx_word' id='word_1_162' title='bbox 713 2248 1142 2299; x_wconf 88' lang='lat' dir='ltr'>Allocutionibus</span> <span class='ocrx_word' id='word_1_163' title='bbox 1166 2248 1224 2296; x_wconf 90' lang='lat' dir='ltr'>in</span> <span class='ocrx_word' id='word_1_164' title='bbox 1261 2245 1580 2298; x_wconf 88' lang='lat' dir='ltr'>Consistorio</span> <span class='ocrx_word' id='word_1_165' title='bbox 1605 2245 1804 2297; x_wconf 90' lang='lat' dir='ltr'>habitis</span> <span class='ocrx_word' id='word_1_166' title='bbox 1828 2245 2050 2314; x_wconf 83' lang='lat' dir='ltr'>aliisque</span> <span class='ocrx_word' id='word_1_167' title='bbox 2074 2247 2393 2315; x_wconf 87' lang='lat' dir='ltr'>Apostolicis</span> <span class='ocrx_word' id='word_1_168' title='bbox 2483 2241 2487 2244; x_wconf 35' lang='lat'><strong>⁴</strong></span> 
     </span>
    </p>
   </div>
   <div class='ocr_carea' id='block_1_4' title="bbox 478 2331 2394 3672">
    <p class='ocr_par' dir='ltr' id='par_1_5' title="bbox 478 2331 2394 3595">
     <span class='ocr_line' id='line_1_23' title="bbox 484 2331 2394 2401; baseline -0.001 -13"><span class='ocrx_word' id='word_1_169' title='bbox 484 2336 708 2388; x_wconf 89' lang='lat' dir='ltr'>Litteris</span> <span class='ocrx_word' id='word_1_170' title='bbox 732 2333 1041 2401; x_wconf 91' lang='lat' dir='ltr'>praecipuos</span> <span class='ocrx_word' id='word_1_171' title='bbox 1070 2331 1407 2382; x_wconf 85' lang='lat' dir='ltr'>tristissimae</span> <span class='ocrx_word' id='word_1_172' title='bbox 1435 2334 1645 2382; x_wconf 88' lang='lat' dir='ltr'>nostrae</span> <span class='ocrx_word' id='word_1_173' title='bbox 1681 2331 1876 2382; x_wconf 88' lang='lat' dir='ltr'>aetatis</span> <span class='ocrx_word' id='word_1_174' title='bbox 1902 2348 2093 2383; x_wconf 90' lang='lat' dir='ltr'>errores</span> <span class='ocrx_word' id='word_1_175' title='bbox 2118 2333 2394 2386; x_wconf 86' lang='lat' dir='ltr'>damnavi-</span> 
     </span>
     <span class='ocr_line' id='line_1_24' title="bbox 483 2415 2392 2485; baseline -0.002 -11"><span class='ocrx_word' id='word_1_176' title='bbox 483 2440 620 2484; x_wconf 87' lang='lat' dir='ltr'>mus,</span> <span class='ocrx_word' id='word_1_177' title='bbox 646 2419 1000 2485; x_wconf 85' lang='lat' dir='ltr'>eximiamque</span> <span class='ocrx_word' id='word_1_178' title='bbox 1025 2421 1255 2467; x_wconf 90' lang='lat' dir='ltr'>vestram</span> <span class='ocrx_word' id='word_1_179' title='bbox 1279 2416 1634 2484; x_wconf 89' lang='lat' dir='ltr'>episcopalem</span> <span class='ocrx_word' id='word_1_180' title='bbox 1658 2415 2001 2484; x_wconf 88' lang='lat' dir='ltr'>vigilantiam</span> <span class='ocrx_word' id='word_1_181' title='bbox 2027 2417 2392 2483; x_wconf 75' lang='lat' dir='ltr'>excitavimus,</span> 
     </span>
     <span class='ocr_line' id='line_1_25' title="bbox 482 2501 2392 2560; baseline -0.003 0"><span class='ocrx_word' id='word_1_182' title='bbox 482 2513 540 2560; x_wconf 85' lang='lat' dir='ltr'>et</span> <span class='ocrx_word' id='word_1_183' title='bbox 564 2508 830 2558; x_wconf 83' lang='lat' dir='ltr'>universos</span> <span class='ocrx_word' id='word_1_184' title='bbox 873 2502 1164 2554; x_wconf 92' lang='lat' dir='ltr'>catholicae</span> <span class='ocrx_word' id='word_1_185' title='bbox 1207 2501 1472 2552; x_wconf 90' lang='lat' dir='ltr'>Ecclesiae</span> <span class='ocrx_word' id='word_1_186' title='bbox 1514 2501 1681 2552; x_wconf 91' lang='lat' dir='ltr'>Nobis</span> <span class='ocrx_word' id='word_1_187' title='bbox 1720 2501 2012 2552; x_wconf 88' lang='lat' dir='ltr'>carissimos</span> <span class='ocrx_word' id='word_1_188' title='bbox 2052 2501 2190 2553; x_wconf 91' lang='lat' dir='ltr'>filios</span> <span class='ocrx_word' id='word_1_189' title='bbox 2226 2503 2392 2554; x_wconf 90' lang='lat' dir='ltr'>etiam</span> 
     </span>
     <span class='ocr_line' id='line_1_26' title="bbox 479 2585 2393 2660; baseline -0.003 -15"><span class='ocrx_word' id='word_1_190' title='bbox 479 2599 647 2660; x_wconf 88' lang='lat' dir='ltr'>atque</span> <span class='ocrx_word' id='word_1_191' title='bbox 669 2591 835 2642; x_wconf 84' lang='lat' dir='ltr'>etiam</span> <span class='ocrx_word' id='word_1_192' title='bbox 859 2589 1166 2639; x_wconf 84' lang='lat' dir='ltr'>monuimus</span> <span class='ocrx_word' id='word_1_193' title='bbox 1189 2590 1246 2638; x_wconf 90' lang='lat' dir='ltr'>et</span> <span class='ocrx_word' id='word_1_194' title='bbox 1270 2585 1534 2638; x_wconf 86' lang='lat' dir='ltr'>exhortati</span> <span class='ocrx_word' id='word_1_195' title='bbox 1554 2603 1752 2650; x_wconf 90' lang='lat' dir='ltr'>sumus,</span> <span class='ocrx_word' id='word_1_196' title='bbox 1769 2590 1833 2636; x_wconf 91' lang='lat' dir='ltr'>ut</span> <span class='ocrx_word' id='word_1_197' title='bbox 1849 2592 1964 2636; x_wconf 90' lang='lat' dir='ltr'>tam</span> <span class='ocrx_word' id='word_1_198' title='bbox 1983 2586 2128 2638; x_wconf 91' lang='lat' dir='ltr'>dirae</span> <span class='ocrx_word' id='word_1_199' title='bbox 2145 2589 2393 2657; x_wconf 87' lang='lat' dir='ltr'>contagia</span> 
     </span>
     <span class='ocr_line' id='line_1_27' title="bbox 484 2671 2394 2747; baseline -0.003 -18"><span class='ocrx_word' id='word_1_200' title='bbox 484 2679 649 2747; x_wconf 90' lang='lat' dir='ltr'>pestis</span> <span class='ocrx_word' id='word_1_201' title='bbox 678 2676 895 2727; x_wconf 90' lang='lat' dir='ltr'>omnino</span> <span class='ocrx_word' id='word_1_202' title='bbox 934 2673 1203 2724; x_wconf 88' lang='lat' dir='ltr'>horrerent</span> <span class='ocrx_word' id='word_1_203' title='bbox 1245 2676 1303 2723; x_wconf 93' lang='lat' dir='ltr'>et</span> <span class='ocrx_word' id='word_1_204' title='bbox 1344 2672 1660 2723; x_wconf 90' lang='lat' dir='ltr'>devitarent.</span> <span class='ocrx_word' id='word_1_205' title='bbox 1733 2671 1812 2722; x_wconf 94' lang='lat' dir='ltr'>Ac</span> <span class='ocrx_word' id='word_1_206' title='bbox 1849 2671 2158 2738; x_wconf 87' lang='lat' dir='ltr'>praesertim</span> <span class='ocrx_word' id='word_1_207' title='bbox 2200 2672 2394 2724; x_wconf 87' lang='lat' dir='ltr'>Nostra</span> 
     </span>
     <span class='ocr_line' id='line_1_28' title="bbox 482 2756 2392 2832; baseline -0.003 -18"><span class='ocrx_word' id='word_1_208' title='bbox 482 2764 656 2832; x_wconf 89' lang='lat' dir='ltr'>prima</span> <span class='ocrx_word' id='word_1_209' title='bbox 698 2759 984 2828; x_wconf 85' lang='lat' dir='ltr'>Encyclica</span> <span class='ocrx_word' id='word_1_210' title='bbox 1026 2758 1270 2825; x_wconf 91' lang='lat' dir='ltr'>Epistola</span> <span class='ocrx_word' id='word_1_211' title='bbox 1313 2758 1399 2808; x_wconf 86' lang='lat' dir='ltr'>die</span> <span class='ocrx_word' id='word_1_212' title='bbox 1444 2759 1475 2808; x_wconf 90' lang='lat'><strong>9</strong></span> <span class='ocrx_word' id='word_1_213' title='bbox 1519 2756 1836 2807; x_wconf 87' lang='lat' dir='ltr'>Novembris</span> <span class='ocrx_word' id='word_1_214' title='bbox 1875 2772 2014 2806; x_wconf 89' lang='lat' dir='ltr'>anno</span> <span class='ocrx_word' id='word_1_215' title='bbox 2062 2757 2198 2808; x_wconf 88' lang='lat'>1846</span> <span class='ocrx_word' id='word_1_216' title='bbox 2229 2756 2392 2808; x_wconf 90' lang='lat' dir='ltr'>Vobis</span> 
     </span>
     <span class='ocr_line' id='line_1_29' title="bbox 485 2839 2393 2916; baseline -0.004 -16"><span class='ocrx_word' id='word_1_217' title='bbox 485 2849 697 2916; x_wconf 86' lang='lat' dir='ltr'>scripta,</span> <span class='ocrx_word' id='word_1_218' title='bbox 722 2845 970 2911; x_wconf 92' lang='lat' dir='ltr'>binisque</span> <span class='ocrx_word' id='word_1_219' title='bbox 994 2842 1434 2905; x_wconf 81' lang='lat' dir='ltr'>AllocutionibuS,</span> <span class='ocrx_word' id='word_1_220' title='bbox 1459 2858 1685 2909; x_wconf 89' lang='lat' dir='ltr'>quarum</span> <span class='ocrx_word' id='word_1_221' title='bbox 1709 2841 1875 2891; x_wconf 91' lang='lat' dir='ltr'>altera</span> <span class='ocrx_word' id='word_1_222' title='bbox 1899 2841 1985 2891; x_wconf 92' lang='lat' dir='ltr'>die</span> <span class='ocrx_word' id='word_1_223' title='bbox 2013 2842 2044 2892; x_wconf 90' lang='lat'><strong>9</strong></span> <span class='ocrx_word' id='word_1_224' title='bbox 2070 2839 2393 2905; x_wconf 78' lang='lat' dir='ltr'>DecembriS,</span> 
     </span>
     <span class='ocr_line' id='line_1_30' title="bbox 480 2923 2390 2994; baseline -0.004 -9"><span class='ocrx_word' id='word_1_225' title='bbox 480 2950 623 2985; x_wconf 90' lang='lat' dir='ltr'>anno</span> <span class='ocrx_word' id='word_1_226' title='bbox 651 2933 808 2994; x_wconf 88' lang='lat'>1854,</span> <span class='ocrx_word' id='word_1_227' title='bbox 834 2929 1000 2979; x_wconf 88' lang='lat' dir='ltr'>altera</span> <span class='ocrx_word' id='word_1_228' title='bbox 1023 2944 1144 2978; x_wconf 92' lang='lat' dir='ltr'>vero</span> <span class='ocrx_word' id='word_1_229' title='bbox 1170 2928 1202 2977; x_wconf 87' lang='lat'><strong>9</strong></span> <span class='ocrx_word' id='word_1_230' title='bbox 1227 2925 1265 2977; x_wconf 90' lang='lat' dir='ltr'><strong>J</strong></span> <span class='ocrx_word' id='word_1_231' title='bbox 1265 2927 1382 2976; x_wconf 86' lang='lat' dir='ltr'>unii</span> <span class='ocrx_word' id='word_1_232' title='bbox 1405 2943 1544 2976; x_wconf 90' lang='lat' dir='ltr'>anno</span> <span class='ocrx_word' id='word_1_233' title='bbox 1575 2926 1709 2976; x_wconf 87' lang='grc'><strong>1862</strong></span> <span class='ocrx_word' id='word_1_234' title='bbox 1736 2926 1795 2975; x_wconf 90' lang='lat' dir='ltr'>in</span> <span class='ocrx_word' id='word_1_235' title='bbox 1820 2923 2137 2976; x_wconf 84' lang='lat' dir='ltr'>Consistorio</span> <span class='ocrx_word' id='word_1_236' title='bbox 2161 2943 2193 2977; x_wconf 93' lang='lat' dir='ltr'>a</span> <span class='ocrx_word' id='word_1_237' title='bbox 2226 2926 2390 2977; x_wconf 90' lang='lat' dir='ltr'>Nobis</span> 
     </span>
     <span class='ocr_line' id='line_1_31' title="bbox 483 3009 2390 3080; baseline -0.004 -10"><span class='ocrx_word' id='word_1_238' title='bbox 483 3019 670 3070; x_wconf 87' lang='lat' dir='ltr'>habita</span> <span class='ocrx_word' id='word_1_239' title='bbox 712 3015 838 3078; x_wconf 80' lang='lat' dir='ltr'>fuit,</span> <span class='ocrx_word' id='word_1_240' title='bbox 870 3017 1163 3065; x_wconf 90' lang='lat' dir='ltr'>monstrosa</span> <span class='ocrx_word' id='word_1_241' title='bbox 1200 3012 1511 3080; x_wconf 90' lang='lat' dir='ltr'>opinionum</span> <span class='ocrx_word' id='word_1_242' title='bbox 1551 3013 1800 3078; x_wconf 89' lang='lat' dir='ltr'>portenta</span> <span class='ocrx_word' id='word_1_243' title='bbox 1837 3009 2224 3073; x_wconf 79' lang='lat' dir='ltr'>damnavimUS,</span> <span class='ocrx_word' id='word_1_244' title='bbox 2257 3029 2390 3079; x_wconf 77' lang='lat' dir='ltr'>quae</span> 
     </span>
     <span class='ocr_line' id='line_1_32' title="bbox 484 3094 2390 3170; baseline -0.004 -16"><span class='ocrx_word' id='word_1_245' title='bbox 484 3105 584 3154; x_wconf 89' lang='lat' dir='ltr'>hac</span> <span class='ocrx_word' id='word_1_246' title='bbox 608 3100 950 3170; x_wconf 92' lang='lat' dir='ltr'>potissimum</span> <span class='ocrx_word' id='word_1_247' title='bbox 974 3102 1150 3150; x_wconf 87' lang='lat' dir='ltr'>aetate</span> <span class='ocrx_word' id='word_1_248' title='bbox 1174 3114 1297 3148; x_wconf 91' lang='lat' dir='ltr'>cum</span> <span class='ocrx_word' id='word_1_249' title='bbox 1322 3096 1557 3147; x_wconf 89' lang='lat' dir='ltr'>maximo</span> <span class='ocrx_word' id='word_1_250' title='bbox 1581 3096 1878 3145; x_wconf 90' lang='lat' dir='ltr'>animarum</span> <span class='ocrx_word' id='word_1_251' title='bbox 1902 3094 2114 3158; x_wconf 90' lang='lat' dir='ltr'>damno,</span> <span class='ocrx_word' id='word_1_252' title='bbox 2139 3098 2194 3145; x_wconf 90' lang='lat' dir='ltr'>et</span> <span class='ocrx_word' id='word_1_253' title='bbox 2218 3095 2390 3147; x_wconf 85' lang='lat' dir='ltr'>civilis</span> 
     </span>
     <span class='ocr_line' id='line_1_33' title="bbox 485 3182 2390 3256; baseline -0.004 -17"><span class='ocrx_word' id='word_1_254' title='bbox 485 3188 653 3256; x_wconf 90' lang='lat' dir='ltr'>ipsius</span> <span class='ocrx_word' id='word_1_255' title='bbox 703 3185 971 3237; x_wconf 89' lang='lat' dir='ltr'>societatis</span> <span class='ocrx_word' id='word_1_256' title='bbox 1020 3183 1340 3235; x_wconf 90' lang='lat' dir='ltr'>detrimento</span> <span class='ocrx_word' id='word_1_257' title='bbox 1388 3182 1746 3243; x_wconf 86' lang='lat' dir='ltr'>dominantur,</span> <span class='ocrx_word' id='word_1_258' title='bbox 1785 3197 2023 3248; x_wconf 90' lang='lat' dir='ltr'>quaeque</span> <span class='ocrx_word' id='word_1_259' title='bbox 2069 3197 2176 3232; x_wconf 91' lang='lat' dir='ltr'>non</span> <span class='ocrx_word' id='word_1_260' title='bbox 2219 3182 2390 3233; x_wconf 92' lang='lat' dir='ltr'>solum</span> 
     </span>
     <span class='ocr_line' id='line_1_34' title="bbox 484 3267 2390 3335; baseline -0.004 -11"><span class='ocrx_word' id='word_1_261' title='bbox 484 3272 776 3324; x_wconf 89' lang='lat' dir='ltr'>catholicae</span> <span class='ocrx_word' id='word_1_262' title='bbox 826 3268 1111 3331; x_wconf 88' lang='lat' dir='ltr'>Ecclesiae,</span> <span class='ocrx_word' id='word_1_263' title='bbox 1153 3267 1370 3335; x_wconf 90' lang='lat' dir='ltr'>ejusque</span> <span class='ocrx_word' id='word_1_264' title='bbox 1412 3267 1630 3317; x_wconf 88' lang='lat' dir='ltr'>salutari</span> <span class='ocrx_word' id='word_1_265' title='bbox 1673 3267 1943 3317; x_wconf 91' lang='lat' dir='ltr'>doctrinae</span> <span class='ocrx_word' id='word_1_266' title='bbox 1984 3283 2046 3317; x_wconf 92' lang='lat' dir='ltr'>ac</span> <span class='ocrx_word' id='word_1_267' title='bbox 2084 3268 2390 3318; x_wconf 82' lang='lat' dir='ltr'>venerandis</span> 
     </span>
     <span class='ocr_line' id='line_1_35' title="bbox 478 3350 2389 3427; baseline -0.005 -18"><span class='ocrx_word' id='word_1_268' title='bbox 478 3358 706 3427; x_wconf 89' lang='lat' dir='ltr'>juribus,</span> <span class='ocrx_word' id='word_1_269' title='bbox 724 3372 908 3407; x_wconf 91' lang='lat' dir='ltr'>verum</span> <span class='ocrx_word' id='word_1_270' title='bbox 929 3355 1094 3404; x_wconf 91' lang='lat' dir='ltr'>etiam</span> <span class='ocrx_word' id='word_1_271' title='bbox 1114 3353 1463 3420; x_wconf 90' lang='lat' dir='ltr'>sempiternae</span> <span class='ocrx_word' id='word_1_272' title='bbox 1486 3350 1718 3401; x_wconf 90' lang='lat' dir='ltr'>naturali</span> <span class='ocrx_word' id='word_1_273' title='bbox 1743 3350 1851 3418; x_wconf 86' lang='lat' dir='ltr'>legi</span> <span class='ocrx_word' id='word_1_274' title='bbox 1875 3367 1908 3400; x_wconf 90' lang='lat' dir='ltr'>a</span> <span class='ocrx_word' id='word_1_275' title='bbox 1930 3350 2043 3401; x_wconf 89' lang='lat' dir='ltr'>Deo</span> <span class='ocrx_word' id='word_1_276' title='bbox 2066 3351 2127 3400; x_wconf 89' lang='lat' dir='ltr'>in</span> <span class='ocrx_word' id='word_1_277' title='bbox 2150 3351 2389 3401; x_wconf 87' lang='lat' dir='ltr'>omnium</span> 
     </span>
     <span class='ocr_line' id='line_1_36' title="bbox 488 3435 2389 3507; baseline -0.005 -12"><span class='ocrx_word' id='word_1_278' title='bbox 488 3443 729 3495; x_wconf 91' lang='lat' dir='ltr'>cordibus</span> <span class='ocrx_word' id='word_1_279' title='bbox 771 3440 1089 3507; x_wconf 86' lang='lat' dir='ltr'>insculptae,</span> <span class='ocrx_word' id='word_1_280' title='bbox 1113 3442 1393 3503; x_wconf 85' lang='lat' dir='ltr'>rectaeque</span> <span class='ocrx_word' id='word_1_281' title='bbox 1436 3435 1633 3486; x_wconf 86' lang='lat' dir='ltr'>rationi</span> <span class='ocrx_word' id='word_1_282' title='bbox 1673 3436 1906 3486; x_wconf 90' lang='lat' dir='ltr'>maxime</span> <span class='ocrx_word' id='word_1_283' title='bbox 1948 3435 2308 3498; x_wconf 89' lang='lat' dir='ltr'>adversantur,</span> <span class='ocrx_word' id='word_1_284' title='bbox 2333 3440 2389 3486; x_wconf 90' lang='lat' dir='ltr'>et</span> 
     </span>
     <span class='ocr_line' id='line_1_37' title="bbox 485 3520 2016 3595; baseline -0.007 -16"><span class='ocrx_word' id='word_1_285' title='bbox 485 3546 551 3579; x_wconf 91' lang='lat' dir='ltr'>ex</span> <span class='ocrx_word' id='word_1_286' title='bbox 576 3528 768 3595; x_wconf 90' lang='lat' dir='ltr'>quibus</span> <span class='ocrx_word' id='word_1_287' title='bbox 793 3525 888 3576; x_wconf 90' lang='lat' dir='ltr'>alii</span> <span class='ocrx_word' id='word_1_288' title='bbox 912 3540 1072 3592; x_wconf 88' lang='lat' dir='ltr'>prope</span> <span class='ocrx_word' id='word_1_289' title='bbox 1097 3538 1277 3574; x_wconf 90' lang='lat' dir='ltr'>omnes</span> <span class='ocrx_word' id='word_1_290' title='bbox 1303 3520 1563 3589; x_wconf 86' lang='lat' dir='ltr'>originem</span> <span class='ocrx_word' id='word_1_291' title='bbox 1587 3520 1788 3571; x_wconf 90' lang='lat' dir='ltr'>habent</span> <span class='ocrx_word' id='word_1_292' title='bbox 1810 3536 2016 3589; x_wconf 77' lang='lat' dir='ltr'>errores·</span> 
     </span>
    </p>

    <p class='ocr_par' dir='ltr' id='par_1_6' title="bbox 633 3603 2386 3672">
     <span class='ocr_line' id='line_1_38' title="bbox 633 3603 2386 3672; baseline -0.004 -10"><span class='ocrx_word' id='word_1_293' title='bbox 633 3612 753 3662; x_wconf 91' lang='lat' dir='ltr'>Etsi</span> <span class='ocrx_word' id='word_1_294' title='bbox 791 3615 973 3661; x_wconf 90' lang='lat' dir='ltr'>autem</span> <span class='ocrx_word' id='word_1_295' title='bbox 1011 3609 1156 3659; x_wconf 92' lang='lat' dir='ltr'>haud</span> <span class='ocrx_word' id='word_1_296' title='bbox 1194 3606 1522 3658; x_wconf 82' lang='lat' dir='ltr'>omiserimus</span> <span class='ocrx_word' id='word_1_297' title='bbox 1546 3605 1847 3672; x_wconf 90' lang='lat' dir='ltr'>potissimos</span> <span class='ocrx_word' id='word_1_298' title='bbox 1871 3603 2174 3671; x_wconf 90' lang='lat' dir='ltr'>hujusmodi</span> <span class='ocrx_word' id='word_1_299' title='bbox 2197 3621 2386 3655; x_wconf 90' lang='lat' dir='ltr'>errores</span> 
     </span>
    </p>
   </div>
   <div class='ocr_carea' id='block_1_5' title="bbox 2494 2069 2517 2094">
    <p class='ocr_par' dir='ltr' id='par_1_7' title="bbox 2494 2069 2517 2094">
     <span class='ocr_line' id='line_1_39' title="bbox 2494 2069 2517 2094; baseline 0 0"><span class='ocrx_word' id='word_1_300' title='bbox 2494 2069 2517 2094; x_wconf 60' lang='grc' dir='ltr'>Ο</span> 
     </span>
    </p>
   </div>
  </div>
 </body>
</html>
