2534 4374
375 457 505 518 416
1152 469 1392 513 ΑΒΒῙΤῙΟ
1435 469 1513 512 1x.

368 621 637 690 ,supplices
661 621 848 671 literae
871 635 965 687 pro
989 617 1324 684 impetranda
1348 616 1527 684 aliqua
1551 616 1858 686 hujusmodi
1883 620 2291 688 dispensatione,

367 725 507 775 quae
549 706 698 758 nulla
741 705 993 756 canonica
1034 702 1239 753 ratione
1283 702 1596 756 fulciuntur.
1670 704 1884 757 Accidit
1921 708 2087 759 etiam
2123 725 2290 776 quan-

374 794 563 860 doque,
601 796 668 842 ut
704 792 763 841 in
805 788 1114 857 hujusmodi
1156 788 1636 856 supplicationibus
1679 808 1741 842 ea
1780 793 2119 857 omittantur,
2158 810 2293 862 quae

372 877 658 929 necessario
684 875 911 943 exprimi
936 874 1150 937 debent,
1174 890 1244 926 ne
1276 873 1600 942 dispensatio
1623 876 1894 928 nullitatis
1917 879 2052 929 vitio
2076 878 2291 930 laboret.

374 964 577 1014 Idcirco
620 965 981 1030 opportunum
1018 959 1195 1010 visum
1230 963 1312 1014 est
1347 960 1407 1010 in
1430 961 1694 1028 praesenti
1718 961 2081 1014 Instructione
2104 965 2290 1032 paucis

373 1049 722 1116 perstringere
746 1046 1057 1114 praecipuas
1081 1044 1200 1095 illas
1233 1060 1431 1108 0311535,
1465 1061 1599 1113 quae
1631 1046 1701 1097 ad
1732 1047 2152 1100 matrimoniales
2187 1050 2292 1100 dis-

373 1134 710 1201 pensationes
753 1130 1069 1183 obtinendas
1103 1129 1264 1197 juxta
1306 1130 1584 1181 canonicas
1622 1132 1934 1196 sanctioneS,
1971 1136 2028 1183 et
2063 1134 2294 1201 prudens

375 1219 759 1269 ecclesiasticae
815 1215 1104 1285 provisioni
1160 1215 1460 1280 arbitrium,
1515 1232 1611 1284 pro
1667 1217 2055 1270 sufficientibus
2110 1219 2292 1270 haberi

376 1307 788 1364 consueverunt3
841 1303 1034 1353 deinde
1069 1319 1132 1353 ea
1168 1302 1422 1367 indicare,
1463 1319 1599 1371 quae
1637 1303 1698 1355 in
1739 1306 1856 1372 ipsa
1899 1301 2298 1373 dispensatione

374 1389 607 1456 petenda
632 1389 922 1456 exprimere
946 1391 1173 1455 oportet.

518 1491 697 1559 Atque
720 1495 786 1542 ut
809 1508 841 1542 a
866 1491 1035 1542 causis
1061 1491 1518 1559 dispensationum
1541 1493 1817 1544 exordium
1841 1493 2084 1558 ducatur,
2110 1495 2297 1563 operae

376 1579 611 1646 pretium
649 1579 751 1629 erit
785 1578 1054 1645 imprimis
1090 1578 1523 1642 animadvertere,
1559 1595 1726 1630 unam
1763 1579 2052 1648 aliquando
2076 1597 2293 1632 causam

377 1664 591 1715 seorsim
615 1668 891 1731 acceptam
915 1662 1326 1714 insufficientem
1351 1681 1479 1727 esse,
1503 1665 1595 1716 sed
1618 1665 1775 1717 alteri
1804 1665 2118 1733 adjunctam
2152 1665 2296 1716 suffi-

372 1750 607 1799 cientem
626 1749 919 1800 existimari
936 1766 950 1809 3
983 1765 1110 1802 nam
1128 1765 1263 1816 quae
1281 1765 1388 1800 non
1406 1753 1629 1817 prosunt
1647 1749 1874 1819 singula,
1894 1750 2069 1801 multa
2078 1750 2297 1818 juvant,

378 1851 497 1901 ary.
538 1833 574 1886 l.
617 1837 667 1886 5.
711 1833 768 1888 G.
804 1833 869 1886 de
898 1832 1119 1903 probat.
1194 1834 1522 1902 Hujusmodi
1556 1838 1741 1886 autem
1778 1852 1963 1888 causae
2001 1840 2127 1887 sunt
2163 1853 2297 1904 quae

379 1924 703 1988 sequuntur:
1792 1926 1795 1929 ’

525 2035 573 2085 1.
622 2031 912 2101 Anyustia
937 2030 1044 2084 loci
1068 2032 1179 2084 sive
1202 2031 1445 2083 absoluta
1463 2032 1573 2083 sive
1590 2031 1814 2084 relativa
1833 2032 2062 2102 (ratione
2079 2037 2298 2085 tantum

378 2118 683 2188 Oratricis)‚-
718 2136 842 2169 cum
892 2118 1097 2169 scilicet
1143 2118 1203 2169 in
1251 2117 1365 2168 loco
1408 2118 1646 2187 originiS,
1688 2118 1773 2169 vel
1821 2119 1988 2172 etiam
2036 2119 2300 2170 domicilii

377 2205 626 2273 cognatio
651 2205 914 2255 foeminae
942 2205 1023 2254 ita
1057 2204 1130 2254 sit
1161 2206 1472 2271 propagata,
1496 2206 1561 2253 ut
1598 2203 1767 2254 alium
1791 2204 1931 2271 paris
1956 2204 2296 2268 conditioniS‚

373 2291 467 2340 cui
508 2290 693 2354 nubat,
736 2290 972 2340 invenire
1012 2292 1261 2357 nequeat,
1298 2288 1405 2339 nisi
1444 2288 1896 2356 consanguineum
1934 2288 2021 2340 vel
2061 2287 2294 2353 affinem,

378 2376 609 2442 patriam
632 2392 753 2426 vero
779 2376 1007 2426 deserere
1033 2375 1106 2425 sit
1128 2375 1180 2425 ei
1205 2374 1416 2424 durum.

523 2477 574 2525 2.
623 2475 791 2525 Aetas
824 2471 1113 2541 foeminae
1155 2469 1547 2540 superadulta,
1589 2471 1635 2521 si
1678 2470 1884 2522 scilicet
1925 2473 2057 2522 24ιιιιι
2098 2472 2294 2523 aetatis

374 2575 580 2609 annum
595 2560 714 2627 jam
739 2575 943 2628 egressa
966 2558 1223 2608 hactenus
1246 2557 1421 2608 virum
1459 2556 1600 2624 paris
1624 2556 1965 2620 conditioniS,
1989 2558 2078 2608 cui
2102 2557 2297 2608 nubere

379 2645 563 2712 possit,
587 2661 694 2695 non
719 2644 945 2694 invenit.
1019 2642 1169 2693 Haec
1205 2658 1326 2693 vero
1365 2658 1523 2692 causa
1563 2640 1709 2692 haud
1747 2641 2064 2711 suffiagatur
2087 2643 2296 2706 viduae,

378 2746 514 2796 quae
539 2730 607 2779 ad
631 2729 762 2779 alias
785 2728 1006 2796 nuptias
1031 2726 1306 2779 convolare
1338 2726 1541 2793 cupiat.

527 2830 577 2878 3.
625 2823 954 2897 Deficientia
977 2829 1081 2876 aut
1117 2822 1552 2893 v‘sncompetentia
1591 2821 1755 2887 dotis,
1780 2825 1826 2875 si
1850 2841 2041 2892 nempe
2064 2825 2297 2876 foemina

379 2929 487 2964 non
511 2913 703 2963 habeat
726 2914 854 2962 actu
876 2914 1087 2960 tantam
1111 2909 1310 2973 dotem,
1334 2913 1399 2959 ut
1421 2913 1668 2966 extraneo
1699 2909 1936 2976 aequalis
1961 2910 2296 2973 conditioniS,

376 2999 476 3066 qui
522 3015 693 3065 neque
742 2995 1160 3064 consanguineus
1207 3012 1378 3063 neque
1425 2996 1598 3047 affinis
1647 2996 1736 3058 sit,
1778 2995 1974 3046 nubere
2021 2996 2190 3063 possit
2235 2996 2295 3045 in

379 3086 588 3153 proprio
613 3084 744 3145 locO,
767 3083 827 3132 in
851 3097 956 3148 quo
995 3084 1366 3131 commoratur.
1459 3079 1605 3140 Quae
1644 3095 1802 3130 causa
1840 3079 2011 3148 magis
2050 3083 2224 3147 urget,
2249 3080 2295 3130 si

380 3170 573 3221 mulier
596 3168 809 3236 penitus
831 3166 1078 3216 indotata
1099 3165 1312 3228 existat,
1334 3167 1391 3215 et
1424 3164 1843 3233 consanguineus
1867 3163 1951 3215 vel
1974 3163 2146 3214 affinis
2172 3181 2291 3214 eam

379 3258 439 3307 in
479 3271 695 3306 uxorem
736 3253 940 3314 ducere,
983 3254 1080 3301 aut
1121 3250 1287 3300 etiam
1335 3250 1708 3301 convenienter
1754 3265 1820 3300 ex
1860 3248 2071 3316 integro
2113 3248 2312 3300 dotare-

380 3346 596 3410 paratus
622 3341 710 3391 sit.

523 3444 576 3493 4.
625 3438 774 3492 Lites
821 3453 993 3506 super
1045 3434 1381 3487 successione
1441 3433 1717 3486 bonorum
1765 3432 1894 3500 jam
1945 3434 2159 3485 exortae
2207 3434 2290 3484 vel

381 3524 704 3578 earumdem
725 3540 890 3592 grave
914 3527 1012 3574 aut
1032 3519 1337 3573 imminens
1354 3517 1698 3589 perieulum.
1773 3517 1833 3569 Si
1858 3518 2050 3568 mulier
2072 3535 2289 3587 gravem

381 3613 535 3663 litem
583 3628 734 3678 super
782 3609 1102 3661 successione
1149 3607 1404 3658 bonorum
1458 3605 1641 3674 magni
1689 3604 1949 3654 momenti
1997 3603 2292 3655 substineat

375 3714 551 3765 neque
575 3696 724 3747 adest
748 3694 899 3756 alius,
919 3694 1013 3761 qui
1029 3693 1186 3743 litem
1203 3690 1507 3758 hujusmodi
1525 3690 1583 3739 in
1602 3705 1654 3739 se
1674 3688 1943 3755 suscipiat,
1962 3687 2290 3755 propriisque
