2534 4374
634 452 887 496 coNs'rrr.
935 439 968 470 “
988 452 1260 496 ROMANos
1306 432 1700 495 pommcsssss’
1991 431 2115 492 363

216 599 559 667 Episcopum,
604 594 828 648 Clericos
877 600 932 647 et
980 613 1170 664 egenos
1214 598 1547 649 divideretur.
1621 596 1781 665 Legis
1823 613 1973 664 porro
2015 614 2123 648 sese

214 683 552 748 interponens
577 679 890 741 auctorita&
934 678 978 729 si
1019 678 1363 747 largitionum
1400 685 1637 747 tempora
1671 686 1724 729 et
1758 695 1938 729 causas
1977 695 2124 746 prae-

215 768 426 828 stituat,
450 764 585 814 illud
612 763 777 814 efficit
800 780 1028 831 quoque,
1054 781 1120 815 ne
1144 763 1323 815 fideles
1348 781 1553 831 semper
1567 781 1659 831 pro
1675 763 1893 815 arbitrio
1919 763 2122 830 possint

214 851 434 903 modum
473 853 531 901 et
570 847 731 899 finem
770 847 1043 915 designare
1087 849 1144 900 in
1188 866 1347 916 quem
1396 849 1629 900 oblatam
1678 849 1872 916 stipem
1921 849 2121 916 erogari

214 939 485 1006 oporteat3
530 934 717 1002 nequit
753 933 898 984 enim
942 934 1107 985 facere
1151 937 1476 1001 privatorum
1511 934 1773 997 voluntas,
1813 939 1874 984 ut
1912 934 2053 1001 quod
2090 951 2122 984 a

214 1022 460 1092 legitima
528 1022 792 1088 potestate
853 1018 911 1068 in
976 1019 1173 1070 bonum
1243 1037 1523 1071 commune
1592 1019 1914 1088 praecipitur
1982 1025 2124 1070 certo

215 1109 540 1160 destituatur
594 1104 805 1156 effectu.
905 1104 1052 1156 Haec
1115 1105 1281 1157 Nobis
1341 1106 1792 1157 considerantibus
1839 1106 1939 1156 visi
1999 1110 2125 1157 sunt

214 1194 498 1263 prudenter
520 1194 576 1242 et
601 1193 895 1258 opportune
919 1191 1085 1259 egisse
1111 1190 1293 1243 Patres
1325 1191 1547 1244 Concilii
1581 1192 1927 1243 Provincialis
1952 1192 2126 1242 West-

214 1276 639 1332 monasteriensis
672 1286 754 1338 11.,
778 1292 902 1325 cum
937 1276 1135 1342 partim
1171 1276 1580 1344 interpretantes
1614 1278 1761 1345 piam
1804 1282 1860 1328 et
1900 1294 2122 1345 aequam

213 1364 529 1416 donantium
555 1361 905 1423 voluntatem,
931 1361 1130 1427 partim
1154 1378 1233 1424 ea,
1258 1379 1393 1429 quae
1425 1362 1699 1429 Episcopis
1734 1362 1890 1425 inest,
1915 1367 2125 1413 utentes

213 1453 477 1518 potestate
539 1445 834 1514 imperandi
894 1446 1152 1512 pecuniae
1202 1446 1511 1498 collationes
1559 1447 1973 1514 decernendique
2019 1464 2126 1514 quo

216 1543 451 1603 tempore
486 1537 540 1584 et
555 1549 679 1600 ,qua
713 1532 776 1582 de
810 1548 965 1582 causa
998 1531 1218 1583 conferri
1248 1535 1505 1598 oporteat,
1531 1536 1829 1582 statuerunt
1860 1533 1917 1582 in
1950 1534 2127 1600 capite

216 1620 283 1673 de
330 1617 491 1672 boni-s
536 1614 927 1680 ecclesiastici&
967 1617 1100 1684 quid
1142 1617 1462 1668 censendum
1506 1616 1578 1667 sit
1617 1616 1824 1667 intuitu
1863 1618 2127 1670 missionis

215 1706 489 1758 collatum.
580 1702 616 1754 J
620 1702 746 1753 ubet
784 1702 951 1771 igit-ur
986 1702 1139 1765 ratic,
1172 1702 1411 1769 itemque
1449 1701 1559 1752 Nos
1597 1702 1985 1765 constituimuS,
2029 1703 2126 1754 hac

216 1792 276 1842 in
297 1808 353 1842 re
376 1790 644 1858 religiosos
670 1788 738 1838 ad
762 1787 905 1857 leges
935 1787 1509 1840 Westmonasteriensis
1543 1786 1743 1856 Synodi
1778 1804 1885 1838 sese
1918 1789 2125 1839 affatim

216 1877 553 1929 accomodare
578 1880 830 1943 oportere.

361 1989 597 2041 Sublatis
640 1988 1000 2038 controversiis
1044 1987 1339 2057 cognitioni
1381 1987 1603 2037 Nostrae
1642 1986 1940 2053 proposit-iS,
1966 1985 2131 2036 confi-

216 2078 412 2139 dimus-3,
431 2092 610 2126 curam
630 2091 662 2124 a
679 2073 845 2124 Nobis
864 2074 922 2123 in
941 2073 1008 2123 iis
1028 2073 1402 2140 componendis
1417 2073 1715 2123 adhibitam
1739 2089 1800 2122 eo
1825 2071 2128 2134 valituram,

218 2172 280 2213 ut
320 2163 390 2213 ad
428 2159 876 2227 tranquillitatem
918 2163 975 2209 et
998 2159 1387 2208 incrementum
1413 2158 1486 2208 rei
1532 2156 1822 2207 catholicae
1848 2157 1905 2206 in
1931 2156 2126 2225 Anglia

217 2266 324 2299 non
348 2248 535 2298 leviter
559 2246 808 2296 conferat.
885 2244 1150 2312 Equidem
1175 2243 1637 2311 pronunciationes
1664 2242 1714 2292 N
1718 2247 1881 2293 ostras
1906 2243 1973 2292 ad
1991 2242 2128 2309 juris

219 2339 275 2385 et
297 2331 585 2399 aequitatis
609 2329 847 2398 regulam
873 2330 1106 2380 studiose
1148 2329 1495 2398 religioseque
1537 2329 1828 2396 exegimuS,
1853 2345 1949 2378 nec
1975 2328 2132 2378 dubi-

220 2425 396 2470 tamus
435 2416 566 2484 quin
609 2416 667 2465 in
709 2415 776 2465 iis
818 2414 1134 2482 exequendis
1176 2431 1271 2482 par
1314 2414 1595 2483 diligentia
1622 2418 1676 2464 et
1715 2413 1902 2482 religio
1928 2414 2130 2463 eniteat

219 2505 433 2556 illorum
481 2502 621 2551 inter
669 2518 798 2568 quos
838 2501 1107 2569 judicium
1156 2500 1492 2568 protulimus,
1592 2498 1679 2551 Sic
1726 2499 1869 2549 enim
1913 2498 2024 2560 fiet,
2066 2503 2131 2549 ut

222 2594 604 2662 Episcoporum
648 2591 817 2640 ductu
859 2594 916 2640 et
957 2590 1240 2657 prudentia
1282 2588 1517 2658 religiosi
1561 2588 1760 2639 sodales
1803 2587 1867 2637 de
1893 2587 2131 2655 Anglicis

222 2678 558 2730 missionibus
584 2676 824 2743 apprime
847 2675 1029 2726 meriti
1054 2679 1264 2726 strenue
1309 2680 1365 2725 et
1403 2674 1645 2724 alacriter
1670 2689 1699 2723 e
1735 2672 1998 2723 laboribus
2024 2673 2131 2722 suis

224 2766 426 2815 fructus
452 2762 635 2812 salutis
660 2762 790 2811 ferre
829 2765 1054 2828 pergant
1097 2759 1430 2821 laetissimos,
1455 2763 1616 2825 atque
1655 2757 1866 2823 utrique
1892 2759 1980 2822 (ut
2006 2774 2130 2807 voce

223 2854 439 2900 utamur
456 2846 694 2916 Gregorii
703 2846 892 2914 Magni
911 2846 979 2896 ad
995 2844 1219 2914 Angliae
1240 2841 1550 2912 Episcopos)
1561 2840 1792 2894 comum:
1805 2882 1815 2892 .
1830 2882 1840 2892 .
1854 2882 1864 2893 .
1879 2841 2031 2892 consi
2036 2840 2132 2905 lio,

225 2936 589 3005 concordique
618 2934 834 2987 actione
859 2950 1000 3003 quae
1023 2937 1161 2985 sunt
1179 2950 1290 3002 pro
1319 2931 1528 2985 Ghm‘sti
1565 2930 1676 2983 zelo
1701 2929 1919 2997 agyenda,
1944 2929 2132 2998 dispo-

224 3026 369 3074 nant
392 3017 767 3081 unanimiter,
790 3022 926 3069 ‘recte
944 3015 1208 3079 sentiant,
1226 3019 1274 3067 et
1292 3032 1432 3084 quae
1457 3013 1747 3077 senserint,
1772 3029 1892 3064 non
1915 3012 2133 3064 sibimet

228 3108 596 3180 discrepando
629 3106 930 3179 perficiant
950 3108 984 3160 ¹.
1077 3106 1422 3159 Concordiam
1464 3105 1600 3156 hanc
1639 3104 1875 3172 postulat
1915 3108 2133 3170 paterna

228 3198 418 3250 caritas
444 3196 824 3263 Episcoporum
848 3195 907 3244 in
945 3193 1210 3261 adjutores
1254 3209 1372 3243 suos
1407 3195 1463 3241 et
1505 3194 1697 3240 mutua
1722 3187 1859 3239 Cleri
1896 3188 1953 3237 in
1981 3187 2138 3254 Epis-

229 3300 384 3351 copos
408 3279 768 3339 observantia3
806 3278 942 3328 hanc
966 3263 1298 3329 concordiam
1343 3274 1556 3344 flagitat
1579 3273 1699 3323 finis
1724 3272 2017 3323 communis
2041 3271 2132 3338 qui

231 3371 364 3419 situs
387 3373 467 3418 est
491 3367 548 3416 in
574 3365 744 3416 salute
767 3365 1066 3414 animarum
1082 3362 1290 3431 junctis
1316 3361 1508 3412 studiis
1526 3376 1587 3410 ac
1606 3358 1803 3409 viribus
1821 3356 2135 3424 quaerenda;

230 3454 365 3505 hanc
391 3453 631 3503 eamdem
657 3451 827 3518 exigit
850 3450 1130 3500 necessitas
1156 3449 1222 3498 iis
1241 3445 1516 3497 resistendi
1535 3444 1628 3511 qui
1645 3441 1905 3493 catholico
1930 3442 2131 3491 nomini

231 3538 426 3590 infensi
450 3539 592 3586 sunt.
665 3533 812 3584 Haec
846 3533 981 3583 vires
1014 3532 1197 3602 gignit
1228 3536 1283 3582 et
1308 3530 1542 3580 infirmos
1567 3543 1777 3595 quoque
1801 3542 1947 3593 pares
1973 3525 2132 3576 efficit

754 3683 769 3706 ¹
799 3681 930 3736 Apud
950 3680 1109 3730 Bedam
1136 3682 1294 3720 Hister.
1316 3679 1443 3731 Anql.
1466 3678 1530 3719 11.
1553 3679 1618 3719 29.
