2534 4374
454 460 696 502 APPEND.
745 461 831 502 111.
919 460 1107 503 CONs'r.
1155 460 1335 503 DocM.
1387 460 1548 503 coxo.
1596 462 1716 503 vir.
1914 445 2035 504 283

134 601 736 671 incomprehensibilem,
777 602 1057 654 intellectu
1106 621 1167 654 ac
1218 605 1493 656 voluntate
1544 608 1794 674 omnique
1848 610 2038 674 perfec-

135 689 278 740 tione
314 686 621 747 infinitum3
670 689 764 755 qui
805 705 927 739 cum
965 689 1037 739 sit
1077 706 1182 739 una
1227 691 1525 758 singulariS,
1566 692 1787 760 simplex
1829 695 2042 744 omnino

136 779 191 825 et
229 773 682 823 incommutabilis
723 774 1019 824 substantia
1059 776 1367 841 spiritualiS‚
1394 778 1771 843 praedicandus
1806 789 1884 828 est
1912 797 1964 828 re
1989 789 2041 829 et

136 857 360 909 essentia
396 874 428 907 a
465 858 664 908 mundo
685 859 988 922 distinctus,
1014 859 1071 909 in
1099 878 1152 910 se
1178 867 1234 910 et
1259 878 1320 911 ex
1341 879 1394 911 se
1430 862 1778 925 beatissimae,
1805 868 1860 913 et
1886 881 2039 931 super

134 944 331 1006 omnia,
369 960 504 1011 quae
545 950 750 1011 praeter
779 946 952 1012 ipsum
980 951 1104 995 sunt
1130 951 1183 996 et
1210 948 1417 1013 concipi
1446 953 1680 1014 possunt,
1707 947 2045 998 ineffabiliter

137 1028 382 1079 excelsus,

277 1112 386 1165 Hic
410 1114 550 1166 solus
579 1132 730 1166 verus
767 1115 909 1166 Deus
945 1117 1187 1167 bonitate
1227 1134 1319 1167 sua
1359 1124 1410 1168 et
1454 1120 1807 1186 omnipotenti
1850 1120 2044 1169 virtute

137 1215 240 1250 non
279 1200 347 1250 ad
380 1201 677 1268 augendam
702 1218 852 1251 suam
878 1202 1288 1265 beatitudinem,
1319 1220 1413 1253 nec
1450 1203 1517 1254 ad
1542 1205 1931 1271 acquirendam,
1954 1203 2043 1252 sed

136 1283 205 1334 ad
228 1284 673 1336 manifestandam
698 1286 1075 1353 perfectionem
1110 1305 1259 1338 suam
1300 1304 1391 1355 per
1430 1288 1585 1349 bona,
1624 1304 1758 1355 quae
1798 1288 2045 1337 creaturis

137 1371 458 1439 impertitur,
483 1371 749 1422 liberrimo
779 1372 999 1423 consilio
1029 1373 1189 1422 simul
1218 1373 1286 1423 ab
1310 1374 1470 1424 initio
1497 1376 1746 1441 temporis
1772 1382 2045 1440 utramque·

138 1453 204 1504 de
238 1451 407 1503 nihilo
443 1454 685 1505 condidit
721 1459 1032 1518 creaturam,
1070 1456 1401 1523 spiritualem
1440 1461 1494 1505 et
1528 1457 1865 1523 corporalem,
1890 1473 2047 1521 ango-

138 1536 295 1587 licam
320 1536 570 1587 videlicet
595 1542 650 1588 et
683 1538 1028 1600 mundanam,
1064 1554 1125 1587 ac
1163 1538 1354 1588 deinde
1392 1537 1685 1587 humanum
1722 1538 1869 1603 quasi
1908 1553 2048 1586 cotu-

139 1634 354 1669 munem
377 1635 441 1669 ex
465 1619 659 1687 spiritu
684 1624 740 1670 et
764 1636 975 1686 corpore
1001 1620 1390 1670 constitutam.¹

283 1703 539 1755 Universa
578 1721 716 1767 νει-ο,
754 1721 886 1772 quae
927 1705 1186 1767 condidit,
1216 1704 1357 1755 Deus
1391 1705 1723 1770 providentia
1751 1722 1843 1754 sua
1869 1710 2049 1753 tuetur

138 1790 297 1853 atque
338 1786 615 1855 gubernat,
658 1787 929 1854 attingens
972 1805 1004 1837 a
1046 1787 1152 1838 fine
1195 1804 1357 1854 usque
1406 1788 1472 1838 ad
1522 1787 1680 1837 finem
1731 1787 1952 1849 fortiter,
1995 1793 2049 1836 et

140 1873 419 1939 disponens
451 1874 630 1923 omnia
672 1874 943 1924 suaviter?
1014 1872 1207 1924 Omnia
1245 1875 1388 1924 enim
1428 1874 1570 1923 nuda
1609 1878 1665 1922 et
1703 1878 1883 1939 aperta
1927 1879 2050 1922 sunt

139 1953 305 2006 oculis
347 1953 500 2021 ejuS,3
547 1970 608 2004 ea
645 1955 830 2016 etiam,
864 1972 996 2021 quae
1034 1955 1198 2006 libera
1235 1960 1589 2005 creaturarum
1627 1955 1835 2005 actione
1873 1955 2050 2004 futura

141 2044 281 2092 sunt.

918 2143 1153 2195 CAPUT
1203 2145 1279 2195 ΙΙ.

852 2248 932 2300 De
968 2247 1334 2301 Revelatio‘ne.

283 2354 487 2407 Eadem
525 2355 720 2408 Sancta
752 2356 929 2406 Mater
955 2356 1191 2407 Ecclesia
1216 2360 1365 2407 tenet
1389 2362 1445 2407 et
1469 2357 1639 2420 docet,
1664 2356 1855 2419 Deum,
1880 2373 2051 2407 rerum

142 2441 383 2492 omnium
406 2442 730 2509 principium
756 2446 813 2492 et
837 2441 1018 2504 finem,
1042 2442 1276 2492 naturali
1302 2442 1565 2492 humanae
1598 2443 1817 2493 rationis
1851 2442 2053 2491 lumine

144 2545 173 2576 e
210 2526 362 2578 rebus
400 2526 590 2577 creatis
629 2531 771 2577 certo
808 2527 1054 2595 cognosci
1093 2543 1242 2594 posse
1258 2545 1272 2587 ;
1322 2527 1614 2578 invisibilia
1645 2527 1787 2577 enim
1815 2527 1998 2594 ipsius,
2022 2543 2054 2575 a

143 2616 379 2663 creatura
396 2611 603 2674 mundi,
621 2628 715 2678 per
733 2628 794 2662 ea
813 2628 947 2678 quae
967 2612 1109 2662 facta
1128 2616 1270 2675 sunt,
1284 2611 1576 2674 intellecta,
1592 2612 2010 2678 conspiciuntur:
2033 2612 2052 2640 ⁴

143 2700 382 2747 attamen
405 2697 665 2765 placuisse
690 2697 801 2764 ejus
828 2698 1118 2764 sapientiae
1143 2702 1199 2748 et
1228 2698 1478 2760 bonitati,
1509 2697 1632 2759 alia,
1672 2714 1837 2764 eaque
1877 2714 2053 2763 super-

144 2782 374 2832 naturali
398 2782 502 2844 via,
528 2798 580 2832 se
605 2782 781 2849 ipsum
806 2798 868 2832 ac
892 2786 1105 2832 aeterna
1129 2782 1421 2833 voluntatis
1447 2799 1568 2832 suae
1594 2782 1800 2831 decreta
1824 2781 2054 2831 humano

144 2868 320 2937 generi
374 2867 619 2930 revelare,
675 2868 886 2919 dicente
944 2867 1226 2935 Apostolo:
1290 2871 1323 2897 “
1341 2867 1713 2928 Multifariam,
1767 2866 2055 2933 multisque

145 2953 316 3004 modis
363 2953 492 3004 olim
539 2952 682 3003 Deus
731 2953 947 3020 loquens
996 2954 1235 3020 patribus
1284 2954 1342 3003 in
1391 2952 1698 3019 Prophetis:
1758 2952 2055 3013 novissime,

146 3038 330 3090 diebus
354 3039 473 3089 istis
497 3039 706 3089 locutus
731 3044 813 3089 est
837 3039 988 3089 nobis
1013 3039 1070 3088 in
1097 3038 1316 3089 Fili0.’'⁵

287 3124 433 3174 Huic
481 3124 691 3174 divinae
734 3124 1041 3174 revelationi
1086 3124 1426 3174 tribuendum
1470 3123 1687 3190 quidem
1731 3128 1826 3184 est,
1871 3127 1933 3172 ut
1976 3140 2054 3180 ea,

144 3226 276 3277 quae
318 3210 377 3259 in
419 3209 571 3260 rebus
614 3209 810 3260 divinis
853 3209 1117 3260 humanae
1165 3210 1358 3260 rationi
1410 3226 1500 3276 per
1543 3226 1595 3258 se
1645 3209 1903 3275 impervia
1950 3225 2054 3259 non

148 3300 288 3357 sunt,
312 3296 370 3344 in
395 3295 656 3361 praesenti
681 3311 890 3362 quoque
914 3295 1116 3362 generis
1141 3294 1362 3343 humani
1393 3293 1696 3343 conditione
1722 3293 1788 3341 ab
1814 3292 2056 3342 omnibus

145 3379 409 3446 expedite,
456 3379 609 3429 firma
657 3379 979 3430 certitudine
1026 3384 1082 3429 et
1130 3378 1277 3428 nullo
1326 3378 1564 3428 admixto
1608 3394 1771 3427 errore
1815 3378 2054 3446 cognosci

147 3465 365 3532 possint.
440 3464 562 3516 Non
586 3465 683 3516 hac
708 3471 889 3516 tamen
915 3466 981 3515 de
1011 3482 1166 3515 causa
1203 3463 1454 3514 revelatio
1494 3462 1730 3512 absolute
1770 3462 2056 3512 necessaria

330 3616 346 3639 ¹
371 3617 498 3658 Conc.
521 3617 661 3659 Later.
681 3617 740 3658 iv.
763 3630 800 3657 c.
826 3620 862 3657 1.
885 3617 1091 3657 Fir-miter.
1534 3612 1549 3633 ²
1575 3613 1671 3664 Sap.
1695 3611 1785 3651 viii.
1813 3616 1848 3653 1.

330 3683 347 3705 ³
371 3683 504 3724 Hebr.
525 3684 584 3725 iv.
610 3686 674 3724 13.
949 3682 969 3703 ⁴
993 3683 1114 3723 Rom.
1137 3683 1166 3723 i.
1190 3684 1256 3722 20.
1528 3678 1545 3699 ⁶
1569 3678 1703 3718 Hebr.
1726 3679 1754 3718 i.
1784 3682 1870 3720 1-2.
