2534 4374
882 488 947 532 11.
993 490 1239 535 APPEND.
1286 492 1325 536 1.
1960 477 2046 544 '75

803 966 1400 1046 APPENDIX.

1021 1156 1186 1165 ————-

927 1290 1157 1355 PARS
1199 1294 1291 1370 ΙΙ,

252 1440 558 1483 ΟΟΝΤΙΝΕΝΒ
592 1442 724 1483 ALIA
758 1444 1103 1485 DOOUMENTA
1139 1446 1548 1489 ECCLFBIASTIOA
1582 1446 1661 1488 AD
1695 1449 1963 1491 SYNODUU

464 1555 852 1608 PERTINENTIA,
887 1557 990 1597 SED
1028 1558 1090 1597 IN
1123 1557 1280 1599 ACTIS
1314 1560 1430 1601 NON
1464 1560 1765 1602 ALLEGATA·

1084 1763 1134 1817 Ι.

599 1886 992 1939 LITTERAE
1063 1887 1608 1942 APOSTOLICAE

752 2009 846 2062 SS.
883 2010 1157 2063 DOMINI
1194 2010 1459 2064 NOSTRI

188 2131 412 2180 QUIBUS
437 2132 819 2175 HOERARcfflA
843 2132 1224 2175 EPIscorALrs
1251 2133 1320 2175 IN
1346 2134 1578 2176 ANGLIA
1604 2135 2022 2179 RESTITUITUR.

859 2241 1029 2294 PIUS
1085 2242 1195 2294 PP.
1251 2242 1351 2294 IX.

643 2363 723 2404 AD
757 2366 1085 2406 PERPETUAM
1120 2367 1214 2406 REI
1250 2367 1570 2407 MEMORIAM.

301 2467 625 2519 Universalis
663 2467 927 2518 Ecclesiae
969 2467 1226 2537 regendae
1264 2472 1496 2535 potestas
1529 2468 1768 2520 Romano
1800 2469 2052 2522 Pontifici

158 2554 214 2602 in
254 2551 450 2604 Sancto
483 2552 640 2604 Petro
673 2551 1043 2620 Apostolorum
1082 2552 1331 2620 Principe
1363 2570 1395 2603 a
1430 2553 1658 2604 Domino
1696 2553 1887 2606 Nostro
1924 2555 1961 2609 J
1961 2574 2052 2608 esu

156 2639 363 2696 Christo
380 2640 579 2692 tradita
592 2639 910 2708 praeclaram
927 2638 1079 2690 illam
1093 2639 1151 2689 in
1168 2638 1471 2707 Apostolica
1490 2638 1621 2691 Sede
1640 2639 2050 2692 sollicitudinem

156 2743 469 2794 quacunque
535 2730 711 2776 aetate
771 2725 1016 2786 servavit,
1074 2741 1179 2792 qua
1238 2724 1509 2794 religionis
1568 2724 1857 2776 catholicae
1916 2726 2054 2777 bono

156 2813 457 2879 ubicunque
505 2815 760 2863 terrarum
807 2810 1116 2873 consuleret,
1165 2809 1379 2878 ejusque
1439 2810 1762 2860 incremento
1822 2810 2051 2861 studiose

152 2898 468 2966 provideret.
529 2896 595 2947 Id
619 2899 799 2946 autem
823 2895 994 2946 divini
1018 2895 1184 2962 ipsius
1202 2895 1497 2946 fundatoris
1521 2894 1741 2946 consilio
1764 2896 2050 2962 respondit,

156 2984 269 3053 qui,
292 2984 468 3052 capite
502 2982 815 3044 constituto,
839 2980 1104 3032 Ecclesiae
1134 2979 1497 3031 incolumitati
1522 2996 1685 3047 usque
1718 2980 1786 3030 ad
1810 2996 2052 3031 consum-

157 3071 446 3122 mationem
494 3068 688 3119 saeculi
735 3066 991 3136 singulari
1040 3066 1299 3133 sapientia
1358 3066 1640 3132 prospexit.
1738 3064 2052 3115 Pontificiae

155 3155 313 3224 hujus
331 3153 702 3205 sollicitudinis
719 3152 952 3203 fructum
971 3152 1135 3203 sensit
1153 3167 1260 3202 una
1278 3167 1400 3201 cum
1419 3150 1536 3200 aliis
1555 3149 1763 3217 populis
1787 3148 2049 3216 inclytum

156 3241 381 3311 Angliae
398 3256 640 3308 regnum,
657 3238 807 3306 cujus
831 3237 1081 3289 historiae
1105 3241 1368 3287 testantur
1386 3235 1725 3286 christianam
1744 3234 2048 3302 religionem

156 3327 240 3379 vel
281 3344 314 3378 a
351 3325 537 3394 primis
576 3323 843 3375 Ecclesiae
886 3322 1108 3374 saeculis
1148 3323 1206 3372 in
1245 3320 1576 3372 Britanniam
1618 3319 1886 3369 invectam
1923 3335 2049 3381 esse,

156 3418 317 3480 atque
341 3413 399 3463 in
418 3429 479 3462 ea
502 3410 693 3462 deinde
709 3408 998 3476 plurimum
1016 3406 1247 3458 floruisse
1264 3423 1278 3466 3
1316 3405 1404 3456 sed
1424 3404 1601 3455 medio
1620 3403 1826 3454 circiter
1844 3403 2051 3454 saeculo

156 3496 363 3563 quinto,
386 3496 731 3562 posteaquam
754 3489 917 3558 Angli
948 3493 1005 3539 et
1041 3487 1268 3540 Saxones
1304 3488 1361 3536 in
1395 3503 1512 3537 eam
1546 3484 1773 3536 insulam
1805 3484 2047 3536 advocati

157 3585 297 3643 sunt,
320 3595 427 3630 non
450 3577 608 3629 modo
630 3575 869 3644 publicas
891 3575 1004 3625 illic
1037 3590 1133 3636 reS,
1167 3572 1255 3624 sed
1279 3573 1443 3623 etiam
1467 3570 1777 3639 religionem
1802 3570 2051 3620 maximis

157 3663 317 3713 fuisse
349 3659 684 3712 detrimentis
720 3657 982 3708 affectam.
1058 3654 1276 3706 Constat
1301 3671 1420 3704 vero
1453 3652 1611 3702 simul
1642 3651 2045 3702 Sanctissimum

158 3746 606 3798 Praedecessorem
623 3747 862 3795 nostrum
883 3740 1194 3808 Gregorium
1212 3739 1472 3808 Magnum
1496 3737 1654 3788 misso
1672 3737 1904 3804 primum
1924 3753 2045 3786 cum
