2534 4374
502 403 629 465 244
1066 426 1227 469 00110.
1273 427 1442 471 PRov.
1486 428 1706 472 wns'rM.
1750 430 1828 473 1v.

1141 653 1547 706 DECRETUM
1601 654 1753 708 XIV.

1030 777 1113 830 De
1158 776 1493 832 Visitatione
1526 778 1874 850 Episcopabi.

637 905 817 958 “Cum
859 907 929 957 ad
969 906 1246 974 pastoralis
1288 906 1449 958 officii
1490 908 1753 959 rationem
1791 909 2115 962 visitationis
2154 927 2276 962 cura
2317 911 2414 962 ita.-

495 992 760 1059 pertineat
783 996 866 1056 ut,
885 1009 950 1043 ex
974 991 1250 1043 Sacrorum
1276 990 1551 1044 Canonum
1565 993 1689 1060 jure
1708 998 1764 1045 et
1790 993 2143 1048 Conciliorum
2161 998 2415 1062 decretis,

494 1078 854 1143 praetermitti
891 1094 1063 1144 neque
1100 1077 1269 1144 possit
1306 1094 1477 1145 neque
1516 1078 1754 1142 debeat,”
1776 1080 1795 1111 1
1835 1082 2023 1132 merito
2061 1082 2122 1133 in
2163 1081 2414 1135 Concilio--

495 1161 676 1213 Primo
718 1162 1270 1213 westmonasteriensi
1290 1162 1313 1197 3
1355 1164 1621 1214 sancitum
1664 1168 1746 1215 est
1787 1169 1853 1216 ut
1893 1166 2146 1235 Episcopi
2181 1169 2400 1219 statutis

495 1250 822 1315 temporibus
877 1248 1245 1299 visitationem
1303 1249 1657 1316 episcopalem
1714 1250 1883 1302 facere
1938 1268 2046 1303 non
2102 1253 2397 1323 negligant.

497 1333 610 1394 Qua
649 1335 707 1385 in
745 1334 1051 1385 visitatione
1090 1333 1376 1402 diligenter
1413 1335 1678 1402 imprimis
1716 1336 1990 1403 inquirant
2019 1341 2196 1388 utram
2220 1338 2400 1390 omnia

497 1433 630 1483 quae
674 1416 733 1466 in
778 1416 1000 1485 Synodis
1043 1416 1233 1466 nostris
1275 1414 1713 1480 Provincialibus,
1756 1422 1876 1468 tum
1918 1420 2092 1486 quoad
2132 1421 2303 1471 vitam
2344 1424 2402 1472 et

495 1502 827 1554 honestatem
874 1502 1018 1565 cleri,
1061 1505 1504 1553 sacramentorum
1553 1502 2087 1568 administrationem,
2130 1508 2187 1556 et
2226 1506 2402 1575 gregis

497 1589 910 1651 institutionem,
957 1592 1078 1638 tum
1126 1587 1300 1654 quoad
1347 1587 1676 1638 materialem
1723 1588 2058 1640 ecclesiarum
2101 1593 2303 1641 statum
2345 1595 2402 1642 et

498 1675 751 1725 bonorum
825 1674 1298 1725 ecclesiasticorum
1370 1673 1905 1737 administrationem,
1977 1674 2187 1726 decreta
2259 1679 2418 1738 sunt,

497 1757 819 1807 adamussim
862 1763 1146 1807 serventur.
1237 1757 1307 1807 In
1347 1755 1520 1823 prima
1563 1753 1773 1824 Synodo
1815 1755 2360 1808 westmonasteriensi
2379 1757 2404 1789 ³

498 1845 764 1892 statutum
806 1846 894 1892 est
929 1842 1170 1892 ecclesias
1212 1857 1392 1891 omnes
1434 1840 1787 1892 missionarias
1830 1845 1886 1892 et
1926 1841 2182 1909 publicas,
2221 1842 2328 1893 sive
2369 1858 2403 1892 a

498 1921 847 1973 saecularibus
896 1923 1004 1974 sive
1051 1939 1083 1972 a
1138 1922 1464 1991 regularibus
1526 1923 1902 1986 deserviuntur,
1967 1922 2228 1991 subjectas
2290 1941 2402 1976 esse

496 2006 793 2056 visitationi
831 2005 1100 2073 Episcopi.
1174 2006 1241 2057 Id
1278 2010 1461 2056 tamen
1496 2006 1638 2074 quod
1676 2007 1744 2057 ad
1783 2006 2129 2075 Regularium
2154 2006 2398 2058 ecclesias

497 2091 697 2142 attinet
738 2091 1148 2160 intelligendum
1191 2095 1272 2142 est
1305 2090 1466 2158 juxta
1508 2089 1690 2142 Sacros
1734 2089 1984 2155 Canones,
2010 2095 2063 2142 et
2097 2091 2402 2158 praesertim

500 2174 951 2227 Constitutionem
1013 2175 1293 2226 Benedicti
1355 2176 1491 2226 XIV
1494 2213 1526 2238 .,
1588 2174 1965 2228 Firmandis.4
2057 2174 2172 2236 Quo
2219 2180 2402 2227 autem

498 2261 709 2312 facilius
750 2261 1059 2329 feliciusque
1101 2261 1377 2329 pastoralis
1418 2261 1548 2312 haec
1589 2260 1828 2312 visitatio
1876 2260 2150 2324 efficiatur,
2193 2265 2249 2312 et
2297 2278 2418 2327 quo*

500 2347 680 2397 omnia
720 2347 778 2397 in
822 2347 1006 2397 eadem
1044 2347 1341 2414 peragenda
1382 2350 1573 2397 mutua
1611 2345 1870 2396 charitate
1909 2350 1964 2397 et
2002 2346 2272 2396 communi
2309 2362 2420 2414 pro-

501 2433 738 2483 Ecclesia
762 2432 864 2483 Dei
889 2432 997 2482 zelo
1023 2432 1252 2483 securius
1275 2432 1633 2500 perficiantur,
1674 2449 1914 2483 normam
1957 2448 2020 2482 ex
2044 2431 2405 2482 antecedenti-

501 2519 598 2569 bus
621 2518 812 2569 nostris
838 2515 1107 2580 ConciliiS,
1131 2534 1336 2568 necnon
1361 2534 1424 2568 ex
1456 2516 1682 2568 Sanctae
1715 2516 1866 2568 Sedis
1889 2516 2405 2584 praescriptionibuS,

502 2603 877 2654 desumendam
902 2602 997 2653 et
981 2620 1039 2652 111
1063 2603 1160 2653 1130
1186 2601 1396 2670 Synodo
1422 2603 1758 2653 statuendam
1783 2618 2069 2652 censemus.
2392 2644 2398 2650 ,

650 2691 697 2740 1.
736 2687 976 2740 Secunda
1026 2687 1264 2755 Synodus
1311 2686 1884 2738 westmonasteriensis
1932 2687 2154 2737 statuit.
2141 2687 2192 2718 ·⁵
2285 2690 2319 2717 ‘⁶
2335 2687 2411 2736 In

503 2774 650 2825 omni
673 2774 923 2825 missione
954 2773 1210 2841 pecuniae
1248 2788 1381 2840 quae
1419 2789 1452 2823 a
1487 2772 1733 2822 fidelibus
1772 2771 2195 2834 contribuuntur,
2233 2771 2419 2822 modis-

501 2864 639 2914 infra
680 2864 1023 2926 recensendis,
1064 2862 1334 2913 habendae
1377 2866 1503 2913 sunt
1543 2879 1636 2930 pro
1675 2862 1825 2913 bonis
1864 2862 2128 2925 ecclesiae,
2166 2877 2273 2912 non
2310 2878 2405 2929 pro

502 2949 806 3000 muneribus
843 2949 969 2999 data
1005 2940 1309 2999 sacerdoti.''
1380 2947 1533 2998 Modi
1569 2965 1690 2999 vero
1726 2948 2010 3017 colligendi
2044 2946 2295 3014 pecunias
2335 2947 2420 2997 ab·

504 3035 689 3086 eadem
715 3033 924 3102 Synodo
947 3033 1147 3084 ibidem
1170 3032 1308 3083 infra
1331 3033 1576 3083 recensiti
1601 3032 1679 3102 (n.
1709 3032 1802 3102 10)
1828 3032 1960 3083 tales
1985 3036 2140 3083 sunt:

652 3120 719 3170 10.
758 3123 793 3150 “
809 3119 1030 3171 Sedium
1079 3135 1169 3169 seu
1216 3118 1449 3168 locorum
1497 3118 1783 3185 assignatio
1831 3118 1987 3168 certis
2033 3117 2265 3185 personis
2313 3133 2419 3167 seu

503 3206 727 3258 familiis
751 3222 784 3256 a
808 3205 998 3272 quibus
1023 3203 1381 3270 compensatio
1406 3203 1759 3253 determinata
1784 3202 1943 3252 datur
1966 3201 2231 3254 ecclesiae.

649 3290 722 3342 2⁰.
759 3295 794 3322 “
813 3289 1075 3342 Collectae
1098 3290 1166 3340 ad
1192 3288 1531 3342 Offertorium
1555 3288 1614 3338 in
1639 3288 1856 3338 ecclesia
1879 3287 2065 3338 factae.

621 3446 640 3471 ²
662 3448 771 3487 Gom.
790 3446 908 3485 Prov.
926 3445 1089 3484 Mediol.
1107 3443 1224 3483 Pars·
1241 3443 1331 3484 111.
1348 3442 1488 3482 Edict.
1511 3441 1562 3482 de
1579 3440 1708 3481 Visit.
1874 3439 1892 3461 ²
1915 3439 2142 3479 Decretum
2167 3437 2285 3479 xxix.

1043 3510 1062 3532 ³
1084 3510 1314 3550 Decretum
1330 3508 1466 3548 xxvii.
1481 3508 1548 3548 De
1566 3506 1860 3559 Regularibus.

620 3577 642 3602 ⁴
661 3578 773 3620 Vide
790 3579 995 3619 Arrium?
1012 3576 1114 3627 XL,
1136 3578 1245 3617 Nota
1266 3579 1302 3627 1,
1323 3589 1366 3628 p.
1391 3577 1482 3624 312,
1502 3577 1544 3615 et
1565 3573 1744 3614 Constit.
1767 3571 2020 3620 Firmandis‚
2038 3583 2080 3623 p.
2105 3572 2196 3611 366.

1209 3641 1228 3664 ⁶
1249 3642 1479 3683 Decretum
1498 3639 1590 3681 viii.
1611 3653 1657 3680 n.
1680 3641 1719 3679 9.
