2534 4374
1026 487 1302 532 DECRETA.
2024 469 2106 530 35

799 675 1203 733 DECRETUM
1266 673 1533 727 XXVIII.

916 823 996 877 De
1039 818 1429 889 Reqularibus.

361 960 538 1024 Quum
561 961 620 1012 in
644 958 839 1029 Anglia
863 955 963 1007 viri
987 952 1212 1024 regulari
1236 951 1378 1003 vitae
1403 950 1606 1002 addicti
1622 949 1961 1002 laudabiliter
1975 954 2121 1001 extra

215 1048 533 1101 monasteria
575 1051 639 1098 ut
681 1044 975 1114 plurimum
1015 1041 1229 1109 degant,
1272 1037 1630 1089 ministerium
1674 1037 1876 1088 scilicet
1918 1052 2120 1087 sacrum

214 1137 530 1195 exercentes,
572 1129 790 1199 expedit
830 1132 895 1179 ut
933 1127 1100 1178 etiam
1149 1125 1214 1176 de
1262 1123 1372 1174 illis
1419 1127 1641 1192 agatur3
1702 1124 1781 1173 ita
1829 1127 2009 1173 tamen
2058 1127 2122 1171 ut

175 1258 179 1262 -
216 1219 497 1290 privilegia
534 1222 591 1269 et
638 1214 998 1283 exemptiones
1046 1211 1255 1280 quibus,
1299 1211 1406 1261 suis
1449 1210 1506 1261 in
1545 1209 1787 1260 domibus
1826 1209 1909 1260 vel
1956 1213 2121 1271 extra,

217 1306 461 1376 legitime
502 1301 756 1373 gaudent,
804 1298 945 1351 ultro
993 1297 1363 1359 admittamuS,
1411 1312 1508 1347 nec
1556 1295 1667 1346 ullo
1716 1294 1872 1345 modo
1920 1293 2122 1344 laedere

219 1389 578 1442 intendamus·

367 1476 415 1525 1.
465 1472 732 1523 Ecclesiae
763 1469 1121 1522 missionariae
1158 1473 1214 1520 et
1256 1467 1519 1536 publicae,
1554 1483 1691 1535 quae
1729 1482 1762 1516 a
1799 1464 2123 1534 regularibus

220 1558 600 1621 deserviuntur,
625 1556 892 1625 subjectae
917 1559 1043 1606 sunt
1066 1554 1362 1605 visitationi
1388 1553 1652 1621 episcopi3
1690 1568 1722 1602 a
1746 1567 1868 1618 quo,
1892 1553 2125 1600 testante

223 1644 277 1698 S.
302 1644 614 1695 Tridentina
657 1642 869 1712 Synodo
906 1646 1313 1709 “quaecumque
1338 1642 1396 1691 in
1422 1639 1644 1691 dioecesi
1681 1638 1749 1688 ad
1785 1637 1884 1687 Dei
1917 1635 2124 1686 cultum

216 1734 482 1800 ¹spectant,
530 1729 816 1798 diligenter
863 1729 1052 1792 curari,
1101 1733 1261 1795 atque
1310 1728 1395 1790 iis,
1443 1727 1537 1777 ubi
1580 1729 1804 1794 oportet,
1846 1721 2125 1790 provideri,

221 1832 453 1884 aequum
492 1813 610 1866 est’'
636 1812 726 1884 (¹).
829 1813 1003 1865 Debet
1050 1814 1220 1883 igitur
1269 1813 1579 1881 Episcopus,
1622 1815 1781 1879 prout
1821 1808 2053 1860 ecclesiis
2096 1823 2127 1856 a

222 1899 579 1952 sacerdotibus
628 1898 980 1951 saecularibus
1027 1898 1430 1960 administratis,
1478 1898 1558 1948 ita
1611 1897 1678 1947 iis
1726 1894 2021 1963 invigilare,
2069 1894 2126 1943 in

223 1986 470 2038 omnibus
505 2002 642 2053 quae
674 1985 743 2036 ad
766 1983 1029 2035 Divinum
1053 1984 1279 2047 cultum,
1307 1983 1766 2036 Sacramentorum
1791 1979 2129 2031 administra-

223 2071 444 2134 tionem,
493 2070 638 2122 verbi
698 2069 799 2121 Dei
858 2069 1324 2138 praedicationem,
1373 2074 1429 2120 et
1487 2068 1784 2137 generatim
1832 2066 1900 2116 ad
1948 2080 2128 2115 curam

217 2158 524 2208 animarum
560 2157 873 2220 referuntur,
910 2156 992 2207 ita
1027 2159 1210 2207 tamen
1246 2161 1311 2206 ut
1346 2172 1452 2207 non
1489 2155 1731 2206 inhibeat
1767 2153 1921 2214 rituS,
1957 2151 2003 2201 si
2035 2152 2128 2218 qui

225 2244 353 2307 sint,
370 2244 430 2294 in
454 2244 806 2295 celebratione
820 2242 1018 2294 Missae
1035 2258 1129 2309 pro
1146 2241 1343 2293 Ordine
1363 2240 1630 2309 Religioso
1649 2239 1898 2292 ecclesiae
1916 2242 2129 2293 addicto

224 2329 470 2398 legitime
494 2328 827 2396 approbatOS,
850 2327 936 2379 vel
959 2327 1246 2378 calendarii
1270 2327 1468 2394 proprii
1493 2326 1896 2377 observantiam.

369 2415 422 2464 2.
473 2413 650 2475 Quum
688 2429 845 2483 grave
892 2413 1291 2464 incommodum
1340 2412 1609 2480 provenire
1657 2411 1813 2462 facile
1859 2411 2024 2480 possit
2066 2430 2129 2464 ex

223 2499 504 2567 inopinata
539 2499 987 2550 missionariorum
1023 2497 1371 2567 Regularium
1411 2498 1755 2549 translatione
1799 2515 1889 2549 seu
1925 2515 2131 2550 revoca-

226 2586 392 2648 tione,
433 2585 743 2653 praesertim
783 2585 828 2636 si
866 2583 965 2634 fiat
1005 2584 1193 2655 invito&
1220 2584 1305 2635 vel
1342 2584 1642 2635 inconsulto
1681 2583 1960 2651 Episcopo,
2002 2583 2130 2635 haec

227 2669 469 2739 Synodus
492 2687 526 2721 a
547 2668 960 2738 provincialibus
984 2674 1041 2720 et
1065 2668 1417 2738 superioribus
1441 2668 1702 2721 Ordinum
1737 2670 2014 2731 instanter,
2038 2686 2131 2737 pro

227 2753 363 2805 bono
386 2753 533 2820 pacis
557 2756 612 2803 et
637 2753 936 2803 animarum
962 2752 1151 2814 salute,
1165 2750 1447 2820 efflagitat,
1471 2755 1537 2800 ut
1561 2767 1684 2801 cum
1710 2750 1984 2818 Episcopis
2009 2768 2131 2802 con-

221 2838 455 2890 corditer
513 2841 679 2907 agant
725 2839 785 2889 in
843 2838 1175 2889 instituendo
1223 2837 1308 2888 vel
1357 2836 1670 2887 removendo
1731 2836 1833 2887 sibi
1893 2836 2131 2887 subditos

227 2923 600 2975 missionarioS.
673 2922 853 2985 Quum
886 2923 1033 2975 enim
1068 2926 1247 2992 pastor
1282 2922 1501 2974 caeteris
1536 2921 1849 2991 diligentius
1883 2926 2132 2990 agnoscat

229 3005 443 3056 vultum
483 3006 684 3073 pecoris
726 3007 827 3070 sui,
874 3010 932 3057 et
966 3006 1260 3058 consideret
1294 3021 1449 3072 super
1489 3020 1703 3073 gregem
1746 3021 1902 3055 suum
1942 3002 2131 3072 (Prov.

226 3089 457 3160 ΗΠΒ),
471 3107 740 3159 quumque
762 3092 868 3159 ipsi
891 3107 924 3142 a
948 3090 1177 3143 Domino
1201 3091 1478 3141 commissa
1496 3089 1659 3140 fuerit
1676 3090 1857 3139 ovium
1877 3089 2131 3150 custodia,

232 3172 412 3224 decere
449 3174 680 3236 videtur,
721 3177 786 3225 ut
825 3174 969 3242 quod
1010 3174 1161 3243 gregi
1203 3171 1289 3223 vel
1336 3171 1490 3223 valde
1532 3186 1716 3221 nocere
1759 3169 1843 3221 vel
1892 3171 2132 3238 prodesse

230 3259 518 3310 necessario
559 3259 767 3322 debeat,
802 3259 919 3327 ipso
960 3274 1068 3310 non
1108 3258 1292 3322 inscio,
1334 3257 1425 3308 sed
1467 3257 1663 3325 potiuS,
1707 3255 1753 3307 si
1796 3254 1908 3306 fieri
1950 3255 2133 3323 possit,

233 3343 505 3410 probante,
531 3347 799 3395 statuatur
827 3336 912 3412 (²).

379 3429 430 3479 3.
481 3427 729 3480 Sacerdos
752 3428 1005 3498 regularis
1039 3443 1074 3478 a
1109 3426 1363 3495 superiori
1399 3425 1645 3496 regulari,
1677 3426 1839 3477 alicui
1876 3426 2134 3488 missioni,

235 3511 321 3563 vel
344 3513 624 3564 audiendis
648 3513 995 3565 saecularium
1014 3511 1425 3564 confessionibus
1443 3512 1759 3575 destinatus,
1777 3511 2039 3579 Episcopo
2054 3516 2135 3563 est

380 3662 436 3716 (1)
475 3662 585 3704 Sese.
619 3676 734 3715 m.,
766 3675 856 3717 cap.
894 3665 932 3713 8,
959 3664 1023 3705 De
1047 3663 1142 3715 ref„
1172 3662 1248 3704 lib.
1274 3675 1340 3703 111.
1366 3664 1539 3713 Deerat„
1566 3663 1634 3706 tit.
1668 3676 1854 3714 xxxvn„
1890 3665 1953 3705 De
1978 3665 2137 3715 capellis

238 3730 429 3779 monach„
453 3742 533 3771 sec.
555 3743 642 3782 m.,
667 3733 733 3771 18.

383 3795 438 3848 (2)
477 3795 687 3838 Videatur
722 3797 803 3838 hac
831 3809 957 3849 super
987 3809 1034 3838 re
1065 3798 1251 3848 Epistola
1280 3797 1414 3840 relata
1444 3798 1491 3839 in
1520 3798 1725 3852 Append„
1758 3803 1808 3839 ιιο
1818 3798 1971 3839 XXII.
1998 3811 2039 3852 p.
2069 3798 2133 3841 72.

235 3857 415 3901 Necnon
431 3863 653 3904 Istruzione
668 3862 717 3904 in
733 3863 946 3918 Append„
968 3870 1007 3892 ¹⁸⁰
1017 3864 1074 3906 V.
1093 3877 1137 3918 p.
1162 3866 1226 3905 92.
