2534 4374
447 478 578 537 362
1247 495 1488 538 Anm'no
1530 497 1570 539 1.

589 638 840 699 Quocirca
869 655 930 689 ea
960 638 1331 689 confirmantes
1360 655 1495 706 quae
1511 637 1565 690 S.
1594 638 2011 710 Congregatione
2051 642 2117 706 de
2156 642 2354 711 Propa-

437 724 619 793 ganda
663 724 795 774 Fide
844 724 1094 791 rescripta
1141 729 1196 774 et
1246 724 1500 774 mandata
1550 731 1690 788 sunt,
1738 727 2042 791 statuimus,
2085 727 2354 798 religiosos
2384 760 2398 773 ·

445 809 663 871 sodales,
687 809 907 859 redditis
941 809 1203 876 Episcopo
1239 809 1549 872 rationibus,
1579 811 1763 862 docere
1795 811 1981 864 debere
2017 813 2083 863 de
2114 813 2357 880 pecunia,

446 895 652 945 intuitu
682 895 995 945 missionum
1030 895 1132 945 sibi
1165 894 1347 957 allata,
1370 898 1427 945 et
1451 900 1714 962 quantum
1739 897 1806 948 de
1831 914 1892 948 ea
1915 901 1972 949 et
1995 916 2125 966 quos
2148 899 2208 950 in
2232 916 2360 951 usus

445 979 805 1046 impenderint
837 996 1000 1046 aeque
1033 995 1095 1029 ac
1129 979 1481 1030 missionarios
1523 977 1658 1031 Cleri
1699 981 1992 1046 saeculariS,
2012 983 2175 1050 juxta
2211 999 2377 1052 prae-·

447 1064 616 1115 dictas
677 1065 1018 1115 resolutiones
1081 1063 1316 1131 ejusdem
1379 1064 1815 1134 Congregationis
1870 1067 1956 1117 die
2009 1079 2115 1118 XIX
2162 1068 2359 1137 Aprilis

448 1161 784 1210 ΜυοοοιΧΙΧ,
810 1155 866 1200 et
890 1149 1305 1200 Instructionem
1330 1149 1437 1199 diei
1460 1161 1502 1199 x
1526 1149 1664 1200 Maii
1689 1162 2077 1204 Mucchxvm.

590 1263 828 1313 Tandem
884 1280 952 1314 ne
1011 1263 1132 1331 quis
1189 1263 1407 1330 obrepat
1467 1280 1604 1314 error
1665 1268 1762 1314 aut
1825 1265 2085 1316 dissensus
2149 1265 2210 1317 11'1
2246 1303 2248 1305 -
2275 1267 2359 1318 nis

446 1361 581 1412 quae
621 1346 778 1396 modo
809 1345 1067 1413 jussimus
1111 1345 1446 1412 exequendiS,
1490 1345 1851 1397 definiendum
1894 1364 2183 1411 censemus,
2225 1364 2360 1415 quae

448 1431 717 1496 pecuniae,
742 1447 982 1498 quaeque
1011 1447 1090 1481 res
1116 1430 1241 1480 viris
1272 1430 1530 1499 religiosis
1564 1431 1773 1482 oblatae
1805 1432 2015 1483 intuitu
2046 1433 2359 1485 missionum

448 1515 839 1582 intelligantur.
900 1515 1147 1583 Namque
1172 1521 1444 1583 receptum
1468 1520 1548 1567 est
1572 1515 1670 1567 hac
1695 1517 1754 1566 in
1777 1534 1851 1580 re,
1877 1519 2100 1585 spectari
2124 1519 2359 1585 primum

440 1606 687 1668 oportere
725 1602 856 1670 quid
892 1602 1111 1671 largitor
1134 1601 1394 1660 voluerit3
1429 1602 1573 1670 quod
1607 1602 1650 1652 si
1693 1619 1801 1652 non
1838 1607 2107 1670 appareat,
2131 1602 2357 1671 placuit,

448 1688 673 1754 parocho
712 1687 797 1738 vel
839 1688 1027 1739 rectori
1072 1687 1320 1737 ecclesiae
1363 1685 1613 1736 collatam
1656 1687 1996 1738 donationem
2035 1688 2317 1755 praesumi.
2338 1689 2357 1720 ¹

449 1772 523 1822 At
546 1772 781 1822 multum
815 1773 884 1823 ab
915 1772 1014 1822 hac
1038 1771 1220 1840 regula
1252 1787 1510 1822 recessum
1542 1774 1624 1820 est
1657 1775 1869 1839 propter
1903 1773 2359 1835 consuetudinem,

416 1874 610 1924 =quam
641 1857 861 1924 quidam
893 1855 1235 1907 ecclesiastici
1269 1855 1401 1923 juris
1433 1855 1595 1922 periti
1627 1855 1733 1906 fere
1769 1874 2105 1908 communem
2141 1857 2361 1909 evasisse

456 1944 662 2006 docent,
702 1943 783 2010 cuj
792 1961 853 1993 us
878 1944 931 1993 vi
957 1947 990 1973 “
1007 1942 1164 1992 hodie
1199 1959 1333 2009 pene
1370 1941 1507 1992 solae
1541 1941 1829 1992 oblationes
1863 1959 2000 2009 quae
2031 1944 2090 1993 in
2123 1942 2361 1993 Ecclesia

451 2031 484 2057 ‘⁶
503 2028 600 2078 sub
623 2028 796 2078 missis
829 2028 896 2077 ad
930 2026 1095 2077 altare
1127 2026 1269 2076 fiunt
1301 2029 1358 2076 et
1390 2042 1526 2093 quae
1561 2042 1654 2092 pro
1693 2027 2151 2078 administratione
2195 2043 2376 2078 sacra--

443 2118 485 2144 ⁴⁶
501 2119 819 2176 mentorum,
867 2130 960 2180 pro
1021 2112 1393 2163 benedicendis
1453 2111 1658 2178 nuptiis
1718 2116 1815 2162 aut
1874 2112 2182 2163 mulieribus
2240 2116 2363 2180 post

452 2203 485 2228 ‘⁶
501 2203 733 2265 partum,
765 2215 858 2265 pro
901 2197 1137 2264 exequiis
1177 2200 1232 2247 et
1276 2195 1577 2263 sepulturiS,
1615 2200 1711 2246 aut
1752 2196 1870 2247 aliis
1910 2196 2169 2248 similibus
2210 2197 2362 2248 func-

452 2290 485 2316 “
502 2283 738 2334 tionibus
781 2282 1079 2350 specialiter
1122 2281 1431 2343 offeruntur,
1471 2281 1539 2331 ad
1580 2280 1865 2348 parochum
1909 2286 2183 2349 spectant3
2238 2299 2361 2333 con-

451 2374 486 2402 “
503 2369 784 2420 suetudine
809 2368 1036 2435 reliquas
1066 2367 1226 2417 ferme
1257 2383 1437 2416 omnes
1474 2366 1707 2429 ecclesiis
1741 2367 1870 2434 ipsis
1906 2371 2003 2417 aut
2038 2367 2242 2418 sacellis
2264 2371 2361 2418 aut

450 2460 486 2487 “
501 2455 622 2506 aliis
664 2453 821 2504 certis
863 2452 1060 2503 finibus
1104 2451 1481 2519 applicante.”2
1569 2452 1844 2504 Praeterea
1887 2454 1932 2504 si
1973 2454 2032 2503 in
2073 2453 2360 2521 parochum

452 2544 788 2602 rectoremve,
818 2555 850 2588 a
885 2538 1075 2605 quibus
1112 2537 1410 2604 spiritualia
1452 2537 1763 2604 adjumenta
1804 2537 1983 2588 fideles
2025 2537 2317 2605 accipiunt,
2337 2538 2356 2568 ⁸

454 2626 596 2675 haud
621 2624 932 2675 inconcinne
956 2623 1221 2690 praesumi
1246 2626 1424 2689 potest
1448 2622 1642 2673 collata
1666 2623 1971 2687 liberalitas,
1995 2624 2089 2673 ubi
2124 2620 2359 2674 Ecclesia

454 2711 602 2762 bonis
650 2710 891 2777 praedita
934 2708 1022 2771 sit,
1065 2724 1158 2775 per
1200 2723 1334 2774 quae
1371 2702 1642 2776 religionis
1685 2708 1858 2758 decori
1899 2712 1955 2758 et
1997 2709 2358 2758 ministrorum

455 2795 677 2846 tuitioni
702 2794 1068 2862 prospiciatur,
1092 2792 1248 2860 longe
1280 2791 1428 2842 aliud
1452 2792 1722 2860 judicium
1761 2810 1870 2844 esse
1908 2793 2067 2843 debet
2108 2793 2202 2843 ubi
2240 2809 2358 2844 eam

453 2882 710 2932 bonorum
758 2879 966 2946 copiam
1016 2876 1252 2927 Ecclesia
1299 2892 1406 2927 non
1455 2877 1663 2940 habeat,
1713 2895 1774 2927 ac
1822 2877 2140 2947 liberalitate
2186 2877 2358 2928 fidelis

454 2966 639 3034 populi
663 2965 820 3015 unice
844 2967 939 3014 aut
962 2963 1299 3030 potissimum
1333 2967 1674 3014 sustentetur.
1749 2958 1898 3012 Tunc
1921 2963 2064 3012 enim
2088 2961 2360 3031 largitores

454 3051 682 3119 putandi
730 3051 902 3100 forent
951 3048 1173 3099 voluisse
1233 3047 1498 3098 consulere
1547 3048 1723 3099 cultus
1772 3048 1944 3099 divini
1993 3047 2255 3115 splendori
2304 3051 2359 3098 et

454 3136 723 3204 religionis
783 3133 1058 3204 dignitati,
1102 3149 1164 3184 ea
1211 3134 1415 3183 ratione
1464 3137 1520 3183 et
1567 3133 1725 3183 modo
1786 3150 1946 3200 quem
2006 3132 2360 3183 ecclesiastica

454 3221 742 3272 auctoritas
785 3221 1099 3270 decerneret.
1192 3218 1319 3268 Ideo
1362 3219 1506 3284 apud
1549 3217 1859 3268 christianos
1900 3218 2195 3284 primaevos
2241 3217 2360 3285 lege

455 3311 672 3358 cautum
698 3301 872 3356 fuerat
896 3310 958 3355 ut
983 3304 1207 3372 pecunia
1240 3303 1414 3354 omnis
1447 3303 1586 3353 dono
1620 3308 1853 3370 accepta,
1878 3305 2019 3353 inter
2051 3302 2359 3365 Ecclesiam,

603 3457 618 3480 ¹
642 3458 821 3509 Argum.
839 3469 892 3496 ex
911 3468 999 3507 cap.
1021 3456 1221 3495 Pastoraz.
1245 3456 1269 3493 9
1294 3456 1341 3493 de
1365 3455 1428 3492 his
1447 3456 1663 3504 quaestum
1681 3467 1706 3493 a
1724 3455 1898 3494 Praelat.
1916 3467 2006 3507 cap.
2032 3456 2294 3502 Transmisso,
2313 3455 2360 3493 de

465 3525 576 3566 Verb.
599 3525 700 3573 sian.
723 3537 772 3564 ac
790 3521 1037 3575 praesertim
1055 3534 1144 3573 cap.
1167 3520 1205 3560 Ι.
1232 3522 1279 3560 de
1298 3520 1416 3560 Statu
1434 3521 1615 3559 Monac-h.

599 3590 618 3613 ²
640 3590 859 3630 Reiffenst.
877 3590 927 3629 L.
948 3591 977 3629 3
995 3589 1189 3628 Decretal.
1208 3587 1279 3628 tit.
1305 3589 1354 3626 30
1366 3599 1410 3625 11.
1426 3588 1524 3635 193;
1558 3585 1656 3625 Van
1672 3585 1815 3638 Espen
1833 3586 1910 3627 Jus
1924 3588 2048 3627 eccles.
2065 3589 2174 3628 univ.
2191 3591 2299 3641 part.
2319 3589 2357 3636 2,

451 3660 556 3699 sect.
579 3661 618 3706 4,
637 3657 704 3698 tit.
730 3660 767 3707 2,
792 3669 883 3708 cap.
911 3657 974 3703 10,
993 3668 1068 3694 nn.
1092 3657 1142 3694 20
1162 3656 1206 3694 et
1225 3656 1287 3694 21.

602 3722 621 3745 ³
643 3724 822 3775 Argum.
844 3735 895 3763 ex
917 3735 1004 3774 cap.
1028 3723 1122 3773 quia
1143 3722 1364 3762 Sacerdotes
1387 3721 1448 3759 13.
1471 3731 1581 3760 caus.
1606 3721 1654 3758 10
1673 3721 1831 3771 quaest.
1857 3722 1894 3760 1.
