2534 4374
961 479 1206 522 APPEND.
1257 481 1294 521 1.
1942 468 2059 525 1:33

162 622 468 692 ignoranter
492 623 778 693 contigerit
802 627 1073 679 attentari.
1148 626 1266 678 Non
1293 628 1641 691 obstantibus,
1669 630 1709 679 si
1736 646 1865 696 opus
1891 630 2065 689 fuerit,

163 707 353 759 Nostra
399 715 454 759 et
496 708 846 762 Cancellariae
886 712 1206 779 apostolicae
1245 711 1425 780 regula
1459 713 1524 763 de
1553 713 1673 780 jure
1698 714 1935 783 quaesito
1963 731 2063 763 nou

163 792 414 857 tollendo,
439 794 663 862 aliisque
689 796 1008 863 apostolicis,
1034 804 1196 867 atque
1223 799 1278 848 in
1304 798 1705 861 universalibus,
1737 799 2066 867 provinc-iali-

165 880 360 945 busque
387 884 443 929 et
469 879 805 946 synodalibus
831 882 1068 933 conciliis
1100 883 1257 932 editis
1294 882 1623 950 generalibus
1652 882 1728 933 vel
1757 883 2067 950 specialibus

151 964 631 1015 constitutionibus
669 970 726 1016 et
764 966 1203 1030 ordinationibus,
1230 968 1549 1034 caeterisque
1574 968 1735 1019 etiam
1776 969 1983 1036 speciali
2013 980 2065 1018 vt

162 1050 440 1100 individua
473 1050 743 1101 mentione
778 1068 838 1101 ac
865 1052 1204 1121 derogatione
1231 1053 1407 1121 dignis
1434 1054 1487 1102 iu
1515 1054 1833 1104 contrarium
1874 1054 2067 1104 facion-

164 1134 308 1185 tibus
328 1125 754 1202 ‘quibuscunque

296 1219 506 1295 *Datum
545 1218 742 1270 Romae
779 1221 921 1288 apud
962 1220 1015 1272 S.
1056 1221 1284 1273 Mariam
1323 1222 1577 1291 Majorem
1618 1222 1714 1273 sub
1743 1223 1936 1274 annulo
1965 1226 2069 1291 pis-

153 1306 352 1356 catoris
376 1305 463 1355 die
493 1306 518 1354 1
547 1303 583 1355 J
586 1304 702 1354 unii
729 1316 1048 1368 MDOGCLVII,
1077 1306 1428 1358 Pontificatus
1456 1307 1632 1358 Nostri
1658 1324 1795 1358 anno
1822 1310 2005 1376 primo,

412 1409 707 1474 ALOYSIUS,
733 1407 883 1461 Card.
912 1408 1359 1471 LAMsRUscmNr,
1379 1426 1416 1460 a
1440 1407 1706 1461 Brevibus
1733 1410 2066 1481 apostolicis.

786 1601 986 1609 mm
1005 1605 1024 1608 W
1047 1605 1054 1607 l
1088 1604 1183 1607 xmo--
1220 1604 1288 1607 γ.--
1363 1602 1482 1609 ..ὴ-,ἠ

906 1728 1136 1794 PARS
1180 1733 1332 1794 VII.

440 1912 679 1965 SUPER
713 1912 1111 1964 MATRIMON
1119 1911 1194 1963 ΙΟ
1235 1911 1795 1966 CONTRAHENDO.

167 2066 276 2113 UBI
302 2069 495 2111 ADEST
520 2068 942 2111 PRAESUMPTIO
971 2068 1257 2109 BAPTISMI
1285 2044 1583 2112 INVAHDE
1612 2072 1863 2114 COLLATI
1894 2072 2071 2112 PAu'rt

921 2153 1319 2194 HAERETICAE.

667 2336 679 2348 ί
698 2284 738 2339 (1
777 2284 905 2326 Cone.
943 2283 1263 2332 Westmonast„
1302 2281 1420 2331 xxii„
1460 2285 1547 2334 26.)

772 2441 1118 2484 INSTRUCTIO
1148 2440 1192 2482 S.
1226 2440 1459 2482 OFFICII.

309 2587 505 2641 SSmus
528 2587 685 2640 Dom.
701 2586 894 2639 Noster
913 2587 1096 2638 divina
1120 2586 1453 2654 providentia
1473 2585 1756 2654 Gregorius
1777 2587 1883 2639 ΡΡ.
1905 2588 2072 2648 XVI„

166 2675 225 2725 in
251 2674 408 2726 solita
431 2674 709 2725 audientia
747 2672 811 2723 R.
839 2672 901 2723 P.
929 2670 1298 2724 commissario
1325 2671 1570 2722 Generali
1600 2671 1652 2723 S.
1681 2672 1855 2724 Officii
1883 2674 2074 2740 imper-

167 2757 288 2818 tita,
313 2755 498 2807 audita
521 2754 778 2806 relatione
796 2755 947 2806 dubii
965 2755 1033 2805 ab
1058 2754 1123 2804 R.
1144 2754 1205 2805 P.
1226 2754 1290 2804 D.
1318 2754 1579 2822 Episcopo
1606 2754 2074 2818 Neo-Eboracensi‚

166 2845 366 2903 utrum,
392 2840 617 2902 scilicet,
640 2841 698 2890 in
723 2841 1151 2907 praesumptione
1176 2840 1430 2907 baptismi
1458 2840 1690 2890 invalide
1716 2840 1894 2891 collati
1933 2843 2068 2908 parti

164 2925 460 2977 haereticae
494 2924 901 2976 matrimonium
926 2942 1048 2975 cum
1085 2930 1235 2993 parte
1267 2924 1527 2975 catholica
1553 2942 1583 2974 a
1611 2924 1745 2976 Sede
1772 2926 2071 2992 Apostoli‹·a

165 3011 468 3078 dispensata
505 3010 641 3062 inire
678 3010 919 3078 cupienti
957 3010 1178 3061 conferri
1216 3010 1407 3060 debeat
1444 3010 1638 3060 iterum
1680 3009 1953 3077 Baptisma
1980 3012 2075 3061 sub

160 3095 509 3147 conditione?
572 3101 628 3147 et
689 3095 1010 3163 praehabitis
1073 3095 1624 3145 Eminentissimorum
1689 3094 2069 3161 Inquisitorum

162 3181 494 3249 generalium
523 3181 787 3251 suffragiis
814 3181 986 3232 dixit:

313 3266 479 3318 Detur
504 3266 774 3317 decretum
801 3265 972 3316 latum
1011 3266 1108 3316 sub
1148 3266 1275 3315 feria
1314 3277 1391 3326 IV,
1435 3263 1496 3315 17
1537 3263 1877 3331 Septembris,
1922 3267 2075 3318 1830,

168 3352 419 3415 instante,
468 3357 534 3403 ut
582 3352 835 3419 sequitur.
948 3351 1011 3402 R.
1058 3351 1102 3401 P
1148 3351 1212 3401 D.
1266 3350 1526 3417 Episcopo
1577 3348 1875 3398 Anicicnsi:
1941 3354 1973 3378 “
1994 3351 2071 3398 An

170 3436 491 3489 Calvinistae
517 3442 573 3488 et
597 3436 890 3487 Lutherani
915 3437 972 3486 in
997 3436 1105 3486 illis
1143 3436 1382 3503 partibus
1413 3435 1660 3502 degentes
1686 3451 1907 3501 quorum
1939 3434 2075 3501 Rap-

169 3523 329 3574 tisma
368 3524 592 3575 dubium
630 3527 687 3580 et
726 3527 1029 3589 suspectum
1069 3527 1165 3583 est,
1191 3520 1428 3571 infideles
1464 3518 1710 3578 habendi,
1738 3518 1814 3567 ita
1841 3525 1896 3567 ut
1939 3520 2076 3568 iuter

164 3624 256 3658 eos
305 3612 361 3659 et
402 3606 700 3660 catholicos
744 3606 1072 3675 disparitatis
1123 3605 1296 3656 cultus
1334 3604 1774 3671 impedimentum
1826 3603 2074 3652 ‹lirinum-

167 3693 346 3743 adesse
383 3691 736 3744 censeatur?’'
813 3690 911 3743 Cui
948 3691 1234 3741 instantiae
1273 3687 1324 3739 S.
1357 3686 1412 3738 C.
1453 3687 1508 3736 in
1547 3686 1813 3753 praedicta
1842 3686 1967 3736 feria
1998 3688 2073 3735 ita

168 3777 471 3846 respondit:
533 3780 579 3828 1.
624 3777 809 3838 Quoad
832 3775 1120 3827 haereticos
1146 3789 1368 3841 quorum
1395 3776 1563 3822 sectae
1589 3769 1801 3819 ritualia
1831 3772 2076 3835 praescri-
