2534 4374
648 492 986 536 msrnuc'rro
1030 492 1216 536 sumn
1259 492 1592 537 ΒΙΝΑΤΙΟΝΕ.
1945 475 2064 539 397

155 654 253 708 per
297 638 350 691 le
398 638 546 708 gravi
596 637 913 700 condizioni,
962 636 1059 687 0116
1108 637 1161 688 la
1214 638 1546 702 circondano‚
1604 655 1733 691 avea
1791 639 2074 707 implorato

151 728 196 755 “⁶
211 723 522 792 ampliorem
554 721 867 773 facultatem
897 738 929 772 6
956 720 1090 773 Sede
1115 722 1420 789 Apostolica
1445 725 1654 792 copiam
1682 725 1911 775 faciendi
1937 742 2077 792 pres-

151 809 407 877 ·“byteris
444 844 460 861 .
523 845 538 859 .
602 845 616 859 .
681 844 694 858 .
732 810 797 857 ut
838 806 1025 857 diebus
1068 807 1351 858 dominicis
1395 813 1451 859 et
1495 809 1643 860 festis
1686 810 1750 860 de
1789 814 2070 878 praecepto

161 894 429 945 “missam
464 893 547 945 bis
583 893 840 944 celebrare
875 894 1098 960 possint,
1138 910 1261 943 cum
1299 894 1355 944 id
1392 894 1628 962 postulet
1664 895 1948 946 necessitas
1984 899 2081 945 aut

153 984 199 1010 ·“
215 979 504 1047 spiritualis
536 978 780 1030 fidelium
814 977 1072 1029 utilitas.”
1146 977 1380 1030 Fattane
1414 978 1670 1030 relazione
1704 979 1757 1029 al
1783 979 1929 1048 Papa
1956 979 2079 1030 nell’

165 1065 390 1116 udienza
414 1064 502 1116 dei
531 1065 598 1114 13
622 1063 804 1132 Aprile
828 1063 906 1133 gli
933 1063 976 1114 si
1002 1064 1196 1131 rispose
1233 1064 1321 1115 nel
1358 1065 1515 1116 modo
1554 1070 1837 1134 seguente:
1888 1065 2082 1116 “Talis

154 1154 201 1180 ⁴⁶
217 1149 544 1201 existimatio
560 1154 642 1200 est
656 1149 873 1200 virtutis
897 1152 954 1199 et
978 1149 1292 1217 prudentiae
1311 1155 1455 1213 tuae,
1475 1154 1540 1200 ut
1560 1149 1651 1202 SS.
1675 1150 1739 1200 D.
1759 1150 1828 1202 N.
1840 1151 2080 1218 jusserit,

155 1239 202 1266 ·“
218 1252 431 1287 0100610
481 1235 738 1303 deponere
787 1239 843 1286 te
887 1234 1074 1286 debere
1117 1235 1444 1286 anxietatem
1487 1236 1672 1299 animi,
1715 1241 1771 1286 et
1813 1236 1858 1286 si
1901 1235 2084 1286 existi-

166 1324 202 1351 “
219 1321 440 1372 maveris
478 1320 825 1372 necessarium
870 1337 977 1371 esse
1023 1319 1107 1370 vel
1149 1319 1396 1371 fidelibus
1439 1321 1775 1371 vehementer
1818 1321 1971 1384 utile,
2021 1326 2084 1371 ut

157 1409 205 1437 ·“
222 1404 526 1457 Sacerdotes
573 1406 655 1457 bis
703 1405 920 1456 missam
964 1405 1149 1456 eodem
1191 1406 1326 1456 festo
1364 1406 1450 1456 die
1488 1406 1769 1469 celebrent,
1807 1406 2083 1456 verborum

171 1491 412 1558 “quibus
435 1492 751 1559 rescriptum
777 1491 1037 1542 contineri
1062 1491 1291 1555 videtur,
1325 1491 1498 1559 rigore
1530 1492 1847 1542 commoveri
1887 1497 1942 1542 te
1979 1508 2085 1541 non

160 1581 206 1608 ·“
222 1577 426 1628 debere.
499 1576 822 1627 Prudentiae
848 1575 1033 1643 itaque
1059 1580 1115 1626 et
1141 1577 1494 1626 conscientiae
1519 1576 1585 1628 D.
1613 1576 1673 1625 T.
1700 1577 1997 1626 committit
2023 1577 2087 1626 dc

161 1661 536 1713 “necessitate
571 1661 694 1724 ista,
734 1664 791 1712 et
829 1677 1105 1710 causarum
1140 1661 1407 1729 gravitate
1433 1661 1677 1728 judicare
1715 1666 1876 1729 atque
1919 1663 1974 1711 in
2020 1662 2086 1711 iis

174 1750 208 1777 “
223 1764 395 1797 rerum
419 1746 687 1814 adjunctis
711 1746 1026 1796 facultatem
1046 1763 1138 1814 per
1162 1751 1516 1797 memoratum
1542 1747 1852 1814 rescriptum
1879 1747 2087 1814 copiam

176 1836 209 1862 ‘⁶
225 1831 454 1883 faciendi
503 1830 892 1894 Sacerdotibus,
941 1835 1005 1881 ut
1055 1832 1272 1882 missam
1322 1832 1404 1882 bis
1462 1831 1745 1894 celebrent,
1796 1836 1851 1881 te
1900 1831 2088 1882 habere

177 1922 210 1949 “
228 1917 493 1970 Sanctitas
520 1916 628 1967 Sua
652 1916 882 1986 benigne
908 1915 1246 1968 declaravit.'’

323 2001 408 2054 17.
458 2002 536 2053 La
573 2002 863 2053 medesima
900 2002 1078 2072 regola
1117 2002 1175 2052 di
1219 2006 1561 2053 commettere
1598 2002 1905 2053 all’arbitrio
1930 2020 1961 2054 o
1987 2003 2091 2053 alla

164 2090 343 2141 carita
381 2088 460 2139 de’
504 2087 772 2155 Superiori
815 2086 951 2139 delle
993 2087 1240 2138 Missioni
1300 2086 1696 2154 l’applicazione
1755 2087 2086 2155 de‘principii

178 2173 406 2244 86061611
430 2174 483 2223 61
508 2173 614 2222 0631
640 2172 851 2239 pratici,
877 2172 921 2222 si
949 2173 978 2223 6
1003 2176 1265 2222 osservata
1290 2173 1456 2222 anche
1475 2173 1685 2239 quando
1711 2172 1770 2222 in
1797 2174 1915 2235 essi,
1942 2190 2090 2223 00106

180 2259 348 2310 616031
373 2259 585 2325 esposti‚
609 2274 717 2308 non
760 2258 804 2308 si
849 2274 1108 2327 scorgesse
1147 2257 1325 2325 quella
1362 2273 1522 2325 grave
1567 2275 1793 2327 urgenza
1837 2259 1893 2308 di
1937 2275 2091 2309 cause

180 2342 601 2395 considerandole
625 2341 834 2392 6110600
859 2343 917 2393 10
943 2359 997 2393 36
1022 2347 1183 2393 stesse
1208 2358 1237 2392 e
1279 2342 1337 2392 in
1380 2346 1621 2405 astratto,
1661 2343 1817 2410 quale
1842 2344 2093 2412 63188000

169 2429 230 2480 ‘le
254 2428 481 2479 clausole
504 2428 561 2478 di
585 2432 770 2495 questa
796 2427 1021 2489 facolta;
1071 2427 1112 2478 il
1162 2427 1256 2478 che
1296 2432 1537 2495 appunto
1580 2428 1847 2478 conferma
1887 2429 2091 2479 doversi

181 2516 302 2566 dare
326 2530 456 2582 8160
480 2517 631 2580 parte
655 2512 744 2563 nel
769 2512 966 2563 calcolo
986 2513 1122 2563 delle
1140 2512 1365 2580 ragioni,
1386 2512 1482 2562 che
1500 2529 1567 2562 ne
1584 2512 1922 2580 giustificano
1947 2512 2091 2577 1’030,

181 2601 285 2652 6116
309 2599 609 2651 condizioni
634 2602 781 2649 tutte
806 2615 836 2649 e
878 2598 984 2649 allo
1028 2602 1168 2648 stato
1194 2598 1273 2648 de'
1298 2597 1476 2648 fedeli.
1568 2596 1639 2647 Di
1665 2598 1748 2648 cio
1774 2598 1827 2648 fa
1853 2600 2097 2650 testimo-

181 2687 373 2736 nianza
397 2685 451 2735 la
473 2685 698 2750 risposta
722 2683 849 2734 data
874 2683 943 2734 da
984 2687 1171 2750 questa
1215 2682 1269 2735 S.
1317 2680 1735 2750 Congregazione
1761 2683 1848 2733 nel
1879 2684 2014 2734 1688
2042 2685 2094 2736 al

180 2770 576 2823 Vice-Prefetto
601 2769 740 2820 della
763 2769 1019 2820 Missione
1043 2768 1100 2819 di
1125 2767 1344 2835 Tripoli.
1429 2767 1480 2817 Il
1505 2767 1661 2835 quale
1705 2768 1906 2819 incerto
1930 2786 2022 2837 per
2046 2770 2096 2821 16

184 2857 279 2925 piu
304 2856 448 2907 volte
470 2858 754 2905 accennate
779 2853 1010 2904 clausole
1053 2869 1181 2904 avea
1225 2852 1493 2915 richiesto,
1543 2856 1576 2881 “
1593 2869 1625 2902 6
1649 2858 1851 2919 quanto
1877 2871 2095 2906 numero

172 2946 220 2974 “⁶
236 2943 293 2993 di
334 2942 532 2993 schiavi
570 2957 601 2990 o
640 2940 792 2991 liberi
835 2956 986 3008 possa
1034 2939 1290 2990 celebrare
1338 2938 1721 3006 precisamente
1770 2938 1820 2989 le
1871 2941 2093 2990 seconda

186 3032 220 3058 ‘⁶
237 3043 423 3090 messa,
447 3026 666 3076 dandosi
691 3025 916 3076 talvolta
940 3024 982 3075 il
1025 3041 1161 3088 caso,
1187 3025 1284 3075 che
1325 3023 1411 3075 nel
1453 3024 1626 3092 bagno
1652 3024 1788 3074 fuori
1813 3025 1869 3074 di
1895 3025 2097 3093 Tripoli

186 3118 222 3145 “
237 3129 344 3164 non
369 3113 415 3163 si
438 3111 702 3162 retrovino
727 3111 959 3178 presenti
1002 3109 1056 3160 al
1101 3109 1354 3160 sacrificio
1380 3110 1517 3161 (11601
1562 3127 1594 3161 0
1618 3111 1858 3178 quindici
1882 3128 2098 3178 persone

175 3199 540 3250 ·“schiavi...e
566 3214 620 3248 se
642 3198 701 3247 in
725 3213 1012 3248 mancanza
1050 3195 1108 3247 di
1153 3194 1424 3246 Sacerdoti
1471 3211 1564 3262 per
1606 3196 1782 3262 questi
1824 3196 1921 3247 soli
1947 3214 2098 3264 possa

187 3290 222 3316 ‘⁶
238 3285 492 3336 celebrare
508 3283 563 3333 la
578 3283 799 3334 seconda
818 3282 964 3333 volta
978 3282 1028 3332 le
1048 3280 1228 3332 feste.'’
1303 3279 1407 3332 Ora
1422 3280 1691 3350 malgrado
1711 3282 1763 3331 la
1782 3282 2098 3334 sfavorevole

176 3369 451 3422 decisione
475 3372 722 3419 emanata
743 3367 803 3418 10
828 3367 971 3436 quell
996 3383 1134 3417 anno
1160 3370 1322 3418 stesso
1365 3366 1453 3417 dal
1479 3365 1533 3417 S.
1562 3365 1745 3418 Offizio
1770 3384 1863 3434 per
1886 3384 1960 3418 un
1980 3386 2098 3420 caso

190 3456 381 3519 simile,
405 3471 554 3505 come
578 3454 623 3505 si
649 3455 678 3505 6
702 3453 852 3504 detto
877 3452 929 3504 al
956 3453 980 3520 §
1014 3454 1097 3515 12,
1122 3452 1163 3502 11
1190 3451 1244 3503 S.
1286 3450 1532 3503 Consesso
1558 3451 1615 3501 di
1641 3451 1988 3521 Propaganda
2012 3455 2098 3505 dei

188 3544 223 3593 5
270 3539 490 3592 Ottobre
534 3539 717 3591 ordino
759 3535 1144 3606 Relinquatur
1187 3534 1450 3588 charitati
1475 3541 1524 3587 et
1566 3534 1932 3588 conscientiae
1956 3536 2024 3589 P.
2038 3538 2097 3591 V.

189 3622 478 3694 Praefecti.
553 3624 638 3675 Ne
663 3625 692 3675 6
716 3640 748 3674 6
772 3624 1156 3692 10616111811616,
1181 3639 1235 3673 36
1259 3622 1311 3672 16
1354 3621 1703 3689 Propaganda
1728 3622 1879 3672 crede
1903 3625 2098 3690 potersi

192 3712 271 3762 far
292 3711 451 3778 luogo
475 3726 508 3761 a
530 3710 627 3778 piu
649 3709 880 3778 benigna
922 3707 1377 3775 interpretazione,
1411 3705 1730 3756 trattandosi
1755 3706 1812 3757 di
1838 3706 2053 3770 schiavi‚
2079 3710 2097 3759 i
