2534 4374
373 410 456 472 28
952 427 1115 469 00110.
1162 427 1328 470 PRov.
1373 426 1594 468 wss'rM.
1640 426 1679 467 1.

510 577 560 625 2.
610 575 693 626 Ad
718 574 1014 644 augendam
1049 573 1235 641 populi
1261 573 1597 624 devotionem
1629 589 1750 641 erga
1775 575 1980 623 sanctos
2007 571 2277 623 Patronos

368 659 683 710 dioecesium
715 665 770 710 et
803 659 1154 722 ecclesiarum,
1189 658 1597 726 supplicandum
1628 657 1730 707 erit
1766 655 1986 708 Summo
2012 655 2269 708 Pontifici

368 747 429 792 ut
452 743 675 810 benigne
699 743 951 794 concedat
974 747 1038 793 ut
1062 742 1221 793 liceat
1256 743 1443 793 horum
1480 742 1590 792 dies
1629 741 1789 792 festos
1828 741 1887 791 in
1928 741 2268 793 Dominicam

367 828 600 895 proxime
624 832 944 895 sequentem,
970 828 1028 877 ni
1052 827 1284 878 rubricae
1318 828 1375 878 id
1400 831 1603 890 vetent,
1627 826 1901 877 transferre
1927 825 2016 896 (¹).

511 914 560 962 3.
610 912 644 963 J
645 913 687 980 ej
695 913 810 963 unii
843 912 982 980 leges
1019 913 1304 981 diligenter
1340 917 1607 980 exponant
1649 912 1955 980 presbyteri,
1991 912 2282 980 praecipue·

367 999 526 1049 initio
569 997 1025 1064 quadragesimae3
1062 997 1519 1063 promiscuitatem
1562 996 1799 1048 ciborum
1842 996 2175 1064 prohibeant,
2213 1000 2273 1048 et

367 1087 603 1134 sanctam
643 1082 977 1132 severitatem
1016 1082 1273 1132 charitate
1307 1086 1675 1149 temperatam,
1716 1082 1777 1133 111
1814 1083 2098 1134 exercenda
2127 1099 2275 1134 com-

368 1168 526 1219 missa
549 1170 810 1234 potestate
835 1166 1192 1232 dispensandi,
1216 1165 1516 1217 exhibeant.

508 1254 559 1302 4.
611 1249 744 1302 Cum
787 1250 1042 1319 obligatio
1082 1251 1313 1302 decimas
1357 1251 1594 1303 solvendi
1629 1251 1769 1303 inter
1804 1268 1899 1303 nos
1923 1268 2030 1303 non
2056 1251 2283 1316 existat,

367 1340 674 1388 moneantur
698 1335 894 1399 fideleS,
910 1353 1018 1386 non
1041 1336 1237 1386 idcirco
1263 1353 1316 1387 se
1341 1336 1506 1387 eximi
1525 1336 1593 1387 ab
1611 1336 1934 1406 obligatione
1958 1337 2280 1405 providendi

367 1423 547 1474 divino
572 1422 762 1485 cultui,
787 1439 847 1472 ac
871 1422 1121 1472 honestae
1146 1438 1406 1473 sacrorum
1430 1421 1795 1473 ministrorum
1821 1423 2215 1474 sustentationi.

511 1510 560 1559 5.
610 1508 817 1559 Fideles
866 1509 976 1575 qui,
1025 1509 1092 1560 ob
1140 1507 1476 1559 devotionem
1530 1507 1613 1558 vel
1673 1506 1837 1558 aliam
1897 1523 2270 1576 quamcunque

370 1614 597 1660 causam,
621 1614 727 1648 non
752 1597 1090 1664 frequentant
1112 1595 1387 1646 ecclesiam
1419 1593 1570 1661 quasi
1605 1592 1977 1661 parochialem,
2015 1611 2108 1646 seu
2145 1595 2286 1645 mis-

370 1684 665 1745 sionariam,
684 1683 772 1733 cui
796 1683 1093 1751 assignatur
1117 1698 1297 1732 eorum
1313 1680 1667 1744 domicilium,
1684 1695 1792 1731 non
1809 1680 1931 1731 ideo
1951 1697 2003 1732 se
2021 1679 2283 1731 liberatos

370 1769 584 1819 credant
607 1768 674 1818 ab
697 1767 866 1818 officio
891 1768 1062 1834 ipsam
1086 1766 1392 1834 adjuvandi,
1418 1771 1475 1817 et
1504 1766 1618 1834 ejus
1650 1770 1881 1834 pastores
1914 1765 2265 1816 sustentandi.

370 1854 673 1914 Quinetiam
697 1853 779 1924 {de
819 1870 1107 1920 pauperum
1150 1852 1330 1903 inedia
1373 1851 1709 1915 sublevanda,
1746 1854 1803 1902 et
1827 1851 1894 1901 de
1929 1849 2268 1917 parvulorum

372 1940 696 2004 educatione,
721 1957 886 2007 aeque
910 1939 1127 1990 solliciti
1150 1955 1258 1989 esse
1283 1937 1480 1988 debent
1502 1953 1564 1987 ac
1588 1936 1632 1985 ii
1651 1935 1747 2003 qui
1770 1935 2037 2003 propriam
2073 1935 2273 1986 adeunt

373 2025 659 2077 ecclesiam.
742 2027 973 2093 Ideoque
1023 2024 1365 2092 eleemosynis
1416 2022 1577 2090 juxta
1636 2021 1772 2072 vires
1832 2037 1950 2071 suos
1999 2020 2273 2089 legitimos

371 2114 599 2177 pastores
623 2111 691 2162 ad
715 2112 812 2163 hoc
837 2111 1071 2162 officium
1095 2108 1481 2172 communiant,
1506 2123 1730 2176 quorum
1756 2109 1839 2159 est
1871 2108 1938 2158 ut
1972 2105 2285 2159 sustineant,

369 2196 573 2263 pondus
597 2196 707 2249 diei
732 2201 787 2248 et
810 2200 984 2249 aestus
1008 2197 1069 2247 in
1092 2196 1249 2247 vinea
1272 2193 1494 2246 Domini
1519 2192 1756 2245 colenda.

976 2380 1379 2434 DECRETUM
1453 2378 1661 2431 XXIV.

783 2513 866 2570 De
910 2514 1039 2568 Vita
1074 2519 1124 2567 ct
1158 2515 1456 2568 Honestate
1492 2511 1850 2567 Olmomwn.

514 2645 677 2700 Recte
711 2665 744 2699 a
778 2647 1007 2701 Domino
1042 2649 1087 2699 ii
1123 2649 1200 2701 sal
1231 2653 1398 2700 terrae
1421 2650 1813 2715 nuncupantur,
1835 2661 2061 2714 quorum
2083 2644 2285 2697 minis-

373 2728 507 2781 terio
543 2730 765 2781 aliorum
804 2736 928 2782 sunt
962 2731 1173 2782 animae
1205 2748 1238 2782 a
1269 2731 1524 2782 vitiorum
1561 2729 1842 2797 putredine
1874 2728 2286 2791 conservandae„

374 2815 586 2882 quique,
602 2816 647 2865 si
671 2816 775 2882 ipsi
800 2816 1053 2867 infatuati
1078 2817 1292 2879 fuerint,
1311 2816 1402 2866 vix
1419 2816 1488 2866 ad
1505 2815 1777 2866 meliorem
1796 2815 2003 2883 frugem
2022 2817 2273 2881 poterunt

373 2899 643 2958 renovari3
681 2900 768 2950 sed
793 2900 970 2963 simul,
995 2917 1119 2951 cum
1156 2900 1435 2952 commisso
1461 2899 1563 2950 sibi
1598 2916 1773 2969 grege,
1809 2899 1868 2950 in
1902 2898 2053 2967 pejus
2095 2903 2281 2961 ruent,

377 2981 584 3051 eruitque
607 2983 752 3036 sicut
767 2984 1024 3054 populus
1049 2984 1129 3038 sic
1151 2985 1416 3039 sacerdos·
1473 2984 1610 3053 (Isa.
1629 2997 1808 3048 XXIV„
1827 2987 1859 3034 2
1871 3001 1886 3045 3
1913 2981 2053 3036 Osee.
2076 2994 2173 3046 IV„
2194 2980 2283 3050 9.)-

378 3067 528 3128 Quod
568 3070 613 3119 si
645 3070 724 3120 ita
756 3070 928 3122 luceat
961 3073 1183 3138 pastoris
1208 3073 1301 3123 lux
1329 3089 1504 3123 coram
1529 3071 1851 3134 hominibuS,
1873 3073 1941 3122 ut
1975 3068 2276 3139 glorificent

376 3153 588 3204 Patrem
628 3154 738 3221 ejus
777 3157 870 3222 qui
908 3156 968 3206 in
1007 3157 1164 3208 coelis
1204 3162 1301 3220 est,
1340 3162 1397 3208 et
1434 3157 1666 3207 sacerdos
1690 3157 1749 3206 in
1773 3154 2019 3206 omnibus
2044 3155 2272 3222 seipsum

374 3239 616 3305 praebeat
640 3238 952 3308 ammplam
976 3239 1248 3293 bonorum
1273 3257 1522 3311 operum,
1546 3239 1615 3292 in
1649 3239 1920 3304 doctrina,
1945 3238 2014 3291 in
2037 3237 2283 3306 inteyrffi

377 3326 498 3387 tate,
524 3321 592 3374 in
625 3323 893 3390 yravitate
917 3323 1052 3394 (Tit.
1079 3338 1160 3389 ΙΙ.,
1186 3325 1263 3395 7),
1288 3330 1353 3377 ut
1375 3327 1421 3378 is
1445 3328 1540 3394 qui
1575 3344 1640 3378 ex
1675 3327 1889 3378 adverso
1913 3330 1994 3378 est
2016 3329 2273 3389 vereatur,

376 3408 515 3458 nihil
551 3409 754 3460 malum
795 3408 990 3462 habens
1034 3411 1202 3462 dicere
1245 3413 1311 3463 de
1349 3412 1519 3475 nobis,
1561 3416 1692 3463 tunc
1724 3412 1941 3480 quidem
1969 3411 2274 3463 aedificabit

378 3491 595 3544 domum
613 3493 712 3544 Dei
727 3494 863 3546 vivis
879 3499 935 3546 et
951 3495 1130 3547 electis
1148 3494 1503 3566 lapidibus,[et
1521 3500 1782 3548 crescente
1799 3496 2063 3548 Ecclesiae
2082 3496 2286 3558 sobole,
2362 3558 2366 3565 A

519 3643 575 3695 (1)
614 3643 823 3685 Sanctitas
841 3658 916 3685 sua
931 3645 1232 3698 Β611131113311116
1249 3645 1414 3687 annuit.
1448 3645 1504 3687 V.
1520 3647 1715 3697 Rescript.
1749 3646 1798 3687 in
1811 3646 2019 3700 Append„
2034 3648 2085 3687 n'
2093 3646 2284 3689 XVIII..

379 3721 419 3760 p.
438 3708 501 3751 70.
556 3709 648 3750 Nec
675 3723 761 3760 11011
802 3711 1096 3764 Indulgentiae
1135 3712 1322 3764 aliasque
1351 3712 1510 3765 gratias
1539 3726 1616 3766 pro
1649 3713 1834 3768 Angliae
1862 3717 1905 3757 ct
1925 3715 2159 3756 Hiberniae
2187 3714 2275 3756 SSY

381 3779 576 3821 Patronis
593 3783 807 3824 concessit.
864 3784 949 3830 Ib.‚
964 3787 1013 3824 11ο
1030 3784 1173 3834 ΧΙΧ.,
1196 3784 1298 3826 XX.
1318 3797 1360 3837 p.
1384 3785 1448 3828 70.
1465 3787 1508 3826 et
1526 3797 1612 3837 seq.
