2534 4374
491 452 572 512 74
1063 466 1219 510 coNO.
1263 465 1428 508 PRov.
1469 464 1692 507 wner.
1732 465 1772 506 1.

482 627 646 673 ventu
681 621 863 674 habito
889 622 973 672 die
1007 622 1039 672 5
1064 619 1279 688 Aprilis,
1309 622 1465 683 1852,
1489 623 1699 671 attento
1723 621 1866 688 quod
1889 621 2032 672 haud
2055 638 2169 674 raro
2192 639 2368 675 neces-

483 708 678 758 sarium
720 707 804 758 vel
846 710 1201 774 opportunum
1249 705 1535 755 admodum
1577 706 1788 768 existat,
1831 710 1895 757 ut
1941 707 2107 767 iidem
2154 709 2375 760 admitti

482 792 685 858 possint
708 792 775 842 ad
798 790 1125 859 pontificalia
1149 790 1433 841 exercenda
1468 791 1526 839 in
1559 789 1679 840 aliis
1702 790 1927 858 Angliae
1958 792 2126 859 ipsius
2149 794 2376 846 dioecae-

481 876 617 939 ibus,
666 876 948 943 aliquando
1008 875 1173 926 etiam
1232 875 1291 925 in
1351 875 1603 942 proximis
1645 877 1948 944 regionibus
1990 879 2279 931 Hiberniae
2319 885 2377 930 et

484 959 723 1020 Scotiae3
784 962 990 1011 censuit
1044 959 1454 1028 supplicandum
1497 958 1842 1012 Sanctissimo
1905 979 1998 1030 pro
2054 964 2376 1016 relaxatione

481 1050 801 1096 memoratae
833 1045 1170 1096 inhibitionis
1199 1045 1257 1095 in
1282 1045 1511 1096 favorem
1538 1046 1919 1114 Episcoporum
1942 1048 2168 1118 Angliae
2203 1050 2376 1116 quoad

482 1132 584 1180 tria
625 1147 784 1200 regna
825 1131 996 1193 unita,
1022 1130 1080 1179 in
1109 1130 1303 1197 quibus
1334 1130 1552 1198 proinde
1591 1131 1657 1182 de
1698 1148 1951 1183 consensu
1984 1132 2377 1185 Ordinatiorum

480 1215 810 1283 pontificalia
834 1215 998 1266 iidem
1022 1231 1256 1267 exercere
1279 1215 1509 1266 valeant.

625 1300 779 1351 Hanc
844 1317 964 1351 vero
1031 1299 1085 1351 S.
1149 1298 1586 1370 congregationis
1646 1303 1967 1354 sententiam
2030 1302 2374 1357 Sanctissimo

481 1385 708 1436 Domino
732 1385 923 1437 Nostro
948 1385 1048 1436 Pio
1072 1385 1250 1454 Papae
1269 1386 1371 1449 IX,
1397 1386 1464 1437 ab
1482 1386 1814 1455 infrascripto
1839 1389 2113 1441 secretario
2137 1389 2377 1454 relatam,

482 1472 541 1521 in
587 1471 857 1521 audientia
904 1470 1013 1521 diei
1063 1471 1095 1522 6
1145 1470 1383 1538 ejusdem
1421 1471 1632 1534 mensiS,
1673 1476 1729 1522 et
1771 1473 1917 1536 anni,
1961 1472 2228 1526 Sanctitas
2271 1473 2379 1527 Sua

481 1556 707 1625 benigne
744 1557 1003 1624 probavit,
1043 1560 1100 1608 et
1128 1556 1290 1625 juxta
1330 1558 1658 1625 propositum
1682 1561 1917 1609 tenorem
1942 1559 2223 1612 facultates
2254 1576 2377 1612 con-

480 1643 667 1693 cessit:
705 1642 977 1693 contrariis
1001 1641 1421 1710 quibuscumque
1445 1642 1589 1694 haud
1612 1642 1959 1695 obstantibus.

625 1726 843 1790 Datum,
869 1729 991 1790 etc.,
1015 1728 1080 1777 21
1109 1726 1323 1795 Aprilis,
1352 1727 1508 1778 1852.

1401 1809 1456 1863 J.
1493 1810 1598 1863 PH.
1638 1811 1942 1876 FRANSONI,
1985 1811 2306 1884 Praefectus

835 1881 901 1937 L.
936 1880 991 1935 ›1‹
1027 1880 1085 1937 S.

1514 1955 1599 2007 Al.
1637 1954 1917 2021 BARNABo,
1940 1973 1979 2009 a
2004 1961 2233 2011 secretis.

1325 2162 1530 2215 XXIV.

965 2294 1066 2347 DE
1112 2294 1395 2347 HABITU
1444 2294 1585 2348 CAN
1588 2294 1887 2349 ONICALI

836 2425 915 2476 IN
967 2426 1287 2476 ECOLESIA
1341 2427 1635 2476 PROPRIA
1689 2428 2018 2478 GERENDO.

486 2561 795 2613 Beatissime
821 2560 998 2623 Pater,

628 2645 763 2697 Cum
797 2662 909 2696 raro
946 2644 1232 2696 admodum
1270 2645 1330 2696 in
1353 2644 1548 2714 Anglia
1580 2645 1784 2713 possint
1815 2646 2056 2698 canonici
2080 2647 2374 2710 convenire,

483 2748 774 2800 congruum
811 2735 992 2781 autem
1015 2730 1255 2781 videatur
1291 2734 1356 2780 ut
1394 2730 1716 2782 distinctiori
1757 2729 1946 2782 habitu
1982 2731 2112 2799 ipsis
2136 2741 2389 2784 concesso

485 2817 809 2884 frequentius
851 2816 1062 2867 valeant
1101 2817 1204 2878 uti,
1246 2815 1681 2883 Archiepiscopus
1704 2814 2275 2869 westmonasteriensis
2316 2821 2374 2868 et

487 2902 736 2970 Episcopi
758 2902 826 2952 ad
849 2901 1168 2968 provinciale
1193 2900 1490 2953 Concilium
1519 2900 1728 2952 collecti
1761 2900 2061 2952 humillime
2093 2905 2288 2969 petunt
2310 2907 2375 2953 ut

486 2988 765 3038 canonicus
811 2987 1040 3054 quilibet
1086 2988 1144 3038 in
1193 2987 1430 3038 Ecclesia
1476 2987 1565 3037 cui
1612 2986 1846 3050 inservit,
1895 2987 2105 3037 etiamsi
2151 3003 2260 3038 non
2301 2987 2373 3037 sit

486 3071 827 3134 Cathedrah‘S,
851 3071 1096 3122 habitum
1121 3071 1478 3122 canonicalem
1503 3070 1697 3121 deferre
1721 3070 1911 3122 valeat.

628 3155 710 3206 Ex
735 3157 1006 3207 audientia
1031 3155 1361 3207 Sanctissimi
1384 3155 1569 3206 habita
1593 3155 1681 3205 die
1709 3156 1774 3204 13
1797 3154 2002 3219 Martii,
2034 3156 2188 3219 1853,

629 3242 997 3293 Sanctissimus
1029 3240 1290 3291 Dominus
1313 3240 1501 3292 Noster
1525 3239 1653 3291 Pius
1682 3239 1864 3290 divina
1899 3240 2229 3307 providentia
2261 3240 2370 3292 ΡΡ.

487 3327 588 3390 ΙΧ,
610 3327 862 3378 referente
890 3343 977 3377 me
1011 3326 1343 3393 infrascripto
1381 3324 1434 3376 S.
1462 3324 1891 3394 Congregationis
1930 3324 1996 3375 de
2027 3324 2371 3394 Propaganda

486 3413 620 3463 Fide
645 3413 932 3475 secretario,
958 3428 1022 3463 ex
1048 3415 1171 3462 voto
1199 3410 1249 3461 S.
1273 3409 1329 3462 C.
1348 3410 1575 3480 benigne
1602 3410 1840 3478 precibus
1863 3410 2072 3473 annuit,
2098 3410 2370 3460 contrariis

485 3498 902 3565 quibuscumque
925 3497 1068 3548 haud
1092 3497 1440 3548 obstantibus

625 3582 825 3634 Datum
849 3582 1046 3634 Romae
1067 3599 1132 3633 ex
1148 3581 1277 3634 Aed.
1304 3581 1358 3634 S.
1379 3580 1827 3650 CongregationiS,
1850 3579 1936 3631 die
1954 3581 2020 3629 14
2037 3578 2192 3642 Maii,
2214 3581 2366 3630 1853.

1571 3665 1655 3716 Al.
1681 3664 1959 3728 BARNARb,
1995 3680 2033 3715 a
2067 3661 2295 3716 secretis.

769 3750 988 3803 L.›x‹S.
