2534 4374
477 406 604 466 352
1270 427 1512 469 Annrmo
1554 429 1593 468 1.

472 578 507 604 ‘⁶
523 576 843 642 quicumque
879 575 962 625 illi
1000 575 1125 636 sint,
1165 574 1377 641 Synodo
1411 574 1708 625 interesse.’'
1782 575 1953 635 Quam
1978 577 2150 644 legem
2175 577 2398 646 egregie

472 659 763 710 illustravit
812 660 1133 710 Benedictus
1182 659 1351 709 XIV.¹
1435 659 1618 725 Neque
1667 676 1785 710 vero
1833 667 2084 728 putamus
2131 662 2383 729 cuiquam.

470 745 747 812 negotium
786 745 1032 795 facessere
1056 745 1327 795 decretum
1351 744 1636 794 Alexandri
1679 744 1859 807 VIII„
1882 757 1950 795 ΙΙΙ
1987 745 2158 813 kalen.
2183 746 2397 814 Aprilis

471 842 690 880 MDCXCI
716 847 822 896 quo
846 834 1078 892 cavetur,
1102 834 1167 880 ut
1191 830 1259 880 ad
1284 830 1545 897 synodum
1569 830 1824 880 accedant
1847 831 2098 894 Abbates,
2117 831 2397 895 Rectoresr

470 914 750 976 Praefecti,
808 931 1111 980 ommesque
1169 915 1440 965 antistites
1497 914 1770 965 domorum
1829 915 2194 985 religiosarum
2250 933 2383 984 quas

469 999 812 1050 Innocentius
845 999 915 1048 X.
943 999 1322 1066 Episcoporum
1355 1002 1610 1067 potestati
1645 1001 1954 1067 subjecerat.
2029 1002 2206 1061 Quum
2236 1002 2381 1052 enim

470 1084 877 1134 Innocentianae
928 1083 1346 1135 Constitutiones
1395 1086 1532 1136 viros
1592 1086 1922 1153 apostolicos,
1970 1088 2063 1154 qui
2118 1087 2177 1136 in
2225 1088 2396 1138 sacris-

468 1169 807 1219 missionibus
843 1174 1132 1232 versantur,
1165 1186 1271 1219 non
1308 1170 1604 1238 attingant,
1640 1171 1795 1222 facile
1831 1171 2172 1240 intelligitur,
2209 1188 2396 1239 neque-

469 1255 739 1306 decretum
783 1255 1066 1306 Alexandri
1110 1255 1250 1304 VIII
1257 1292 1270 1306 .
1312 1255 1380 1304 ad
1423 1273 1526 1318 eos,
1566 1257 1633 1306 de
1669 1256 1865 1323 quibus
1901 1257 2058 1308 modo
2093 1257 2237 1325 apud
2272 1256 2395 1307 Nos-

468 1340 664 1407 agitur,
701 1342 980 1407 pertinere.
1056 1339 1226 1401 Quare
1267 1340 1395 1390 huic
1437 1340 1711 1407 posteriori
1747 1342 2070 1406 quaestionis
2105 1341 2247 1408 parti
2281 1341 2394 1392 hoc¹

469 1442 638 1475 unum
662 1426 1065 1493 respondemus3
1103 1426 1354 1475 standum
1379 1442 1489 1476 esse
1513 1425 1736 1476 decretis
1762 1425 1961 1493 Synodi
1985 1426 2344 1478 Tridentinae.

613 1543 862 1594 Proxima
894 1549 975 1594 est
1007 1544 1246 1610 quaestio
1279 1559 1415 1609 quae
1446 1543 1662 1610 respicit
1691 1543 2102 1610 appellationem
2127 1545 2194 1595 ab
2216 1545 2394 1596 inter-

445 1619 781 1695 pretatione,
824 1646 984 1696 quam
1034 1628 1287 1695 Episcopi
1337 1629 1614 1691 ediderint,
1657 1627 1982 1678 decretorum
2032 1630 2395 1697 synodalium..

469 1714 715 1781 Namque
740 1716 882 1765 hisce
907 1715 1130 1765 decretis
1155 1719 1374 1781 pareant
1398 1719 1606 1782 oportet
1629 1714 1794 1764 etiam
1820 1715 2051 1783 religiosi
2087 1716 2286 1767 sodales
2321 1717 2382 1767 in

470 1801 539 1851 iis
561 1817 697 1868 quae
721 1801 789 1850 ad
805 1817 988 1862 ⁴curam
1007 1800 1305 1850 animarum
1325 1804 1381 1850 et
1400 1804 1844 1850 sacramentorum
1864 1801 2381 1852 administrationem

470 1886 806 1947 referuntur?
850 1886 1141 1951 ceterisque
1183 1886 1242 1934 in
1285 1884 1437 1935 rebus
1480 1889 1514 1914 ‘⁶
1530 1885 1588 1934 in
1630 1884 1822 1951 quibus
1864 1902 1950 1935 eos
2000 1885 2380 1953 Episcoporum

465 1976 493 2002 ·‘
500 1970 864 2038 jurisdictioni
890 1970 1094 2021 subesse
1118 1971 1369 2021 canonica
1394 1971 1730 2036 praecipiunt
1753 1969 2074 2020 instituta.’'3
2137 1971 2394 2022 Profecto·-

470 2057 711 2108 dubitare
736 2073 843 2106 non
867 2056 996 2106 licet
1019 2058 1151 2124 quin
1175 2057 1243 2107 ab
1266 2057 1333 2106 iis
1357 2055 1883 2122 interpretationibus
1907 2056 1975 2106 ad
1999 2055 2190 2106 Sedem
2214 2057 2394 2124 Apos-

471 2140 690 2191 tolicam
729 2141 1030 2206 provocatio
1068 2141 1169 2200 sit3
1214 2145 1248 2170 ‘⁶
1265 2139 1544 2206 siquidem,
1581 2138 1794 2188 Gelasio
1820 2138 1897 2188 I.4
1937 2144 1992 2189 et
2031 2139 2251 2190 Nicolao
2289 2140 2335 2191 Ι.
2358 2141 2401 2170 5“

472 2230 506 2255 “
522 2225 839 2286 auctoribUS,
864 2225 932 2274 ad
956 2225 1108 2275 illam
1133 2226 1199 2276 de
1223 2224 1462 2292 qualibet
1494 2223 1683 2274 mundi
1708 2227 1858 2291 parte
1882 2240 2102 2274 canones
2125 2225 2379 2292 appellari

472 2315 506 2340 ‘⁶
522 2310 830 2361 voluerunt:
893 2309 961 2359 ab
1008 2309 1103 2359 illa
1156 2314 1337 2360 autem
1394 2325 1549 2359 nemo
1607 2308 1678 2358 sit
1734 2308 1995 2375 appellare
2052 2311 2393 2376 per1nissus.'''

474 2396 646 2456 Quare
683 2395 843 2462 hujus
883 2395 1253 2461 appellationis
1289 2394 1662 2444 tantummodo
1695 2395 1775 2444 vis
1800 2399 1856 2444 et
1879 2394 2098 2445 effectus
2121 2401 2297 2462 potest
2320 2397 2379 2447 in

471 2479 865 2530 dubitationem
891 2479 1101 2530 adduci.
1176 2481 1251 2552 At
1274 2480 1402 2529 haec
1428 2479 1696 2529 dubitatio
1722 2479 1876 2530 facile
1912 2480 2138 2542 tollitur,
2171 2481 2215 2530 si
2251 2486 2379 2548 apta

471 2568 570 2618 fiat
593 2583 867 2617 causarum
893 2567 1186 2617 distinctio,
1236 2567 1341 2616 Fas
1365 2570 1444 2616 est
1469 2567 1726 2616 nimirum
1751 2566 2097 2634 Regularibus
2115 2567 2393 2634 appellare

470 2651 539 2703 ‘im
563 2650 873 2703 devolutivo
899 2656 1128 2714 tantum,
1155 2653 1329 2719 quoad
1353 2653 1847 2718 interpretationem
1877 2654 2218 2716 decretorum,
2243 2671 2379 2720 quae

472 2737 539 2786 de
553 2736 676 2803 jure
700 2737 988 2798 communi,
1015 2738 1124 2787 sive
1158 2737 1419 2787 ordinario
1456 2737 1565 2787 sive
1601 2737 1862 2806 delegate,
1895 2737 2179 2806 Regulares
2212 2739 2378 2789 etiam

472 2821 743 2880 afficiunt;
801 2838 904 2888 quo
953 2838 1073 2871 vero
1121 2821 1190 2871 ad
1238 2822 1730 2887 interpretationem
1778 2821 2002 2872 aliorum
2050 2822 2378 2874 decretorum

471 2907 638 2957 etiam
672 2903 741 2956 i‘n
779 2904 1125 2973 suspensivo.
1199 2905 1526 2956 Authentica
1564 2922 1793 2972 namque
1834 2905 2201 2973 interpretatio
2243 2925 2392 2975 quae

471 2994 656 3040 manat
680 2990 748 3040 ab
771 2989 1064 3056 Episcopis,
1084 2990 1178 3056 qui
1202 2989 1533 3056 Synodorum
1557 2994 1793 3040 auctores
1818 2994 1960 3053 sunt,
1979 2993 2121 3041 tanti
2144 2993 2391 3059 profecto²

473 3080 570 3138 est,
609 3076 799 3142 quanti
842 3079 968 3124 sunt
1005 3075 1120 3141 ipsa
1160 3076 1384 3125 decreta.
1457 3075 1538 3124 Ex
1577 3093 1680 3142 quo
1719 3075 1856 3126 illud
1892 3077 2106 3127 omnino
2140 3082 2220 3128 est
2255 3096 2390 3129 con-

473 3176 711 3226 sequens,
748 3159 903 3210 licere
939 3159 1197 3228 religiosis
1235 3159 1499 3210 sodalibus
1535 3177 1567 3209 a
1610 3161 1781 3226 primo
1823 3161 2147 3211 decretorum
2191 3179 2386 3230 genere

470 3243 737 3311 appellare
762 3261 824 3294 30
839 3244 963 3311 jure
988 3249 1044 3294 et
1068 3245 1243 3307 mod0‚
1268 3261 1372 3310 quo
1395 3243 1525 3294 licet
1550 3245 1770 3295 cuilibet
1797 3262 1826 3295 e
1858 3244 2083 3295 dioecesi
2114 3246 2389 3313 appellare

620 3403 633 3423 ¹
658 3398 721 3436 De
740 3397 885 3446 Synod.
908 3397 1020 3436 dioec.
1042 3395 1117 3435 lib.
1143 3398 1166 3435 3
1188 3408 1277 3447 cap.
1302 3397 1322 3434 1
1349 3395 1366 3447 §
1392 3397 1455 3434 11.

617 3461 636 3484 ²
659 3462 819 3502 Concil.
841 3461 960 3501 Trid.
983 3474 1080 3501 sess.
1104 3463 1154 3500 25
1174 3474 1265 3512 cap.
1291 3463 1337 3500 11
1359 3463 1406 3500 de
1423 3463 1612 3511 Reyular.

618 3527 636 3550 ³
658 3527 807 3568 Innoc.
829 3526 913 3566 IV.
935 3540 1026 3579 cap.
1049 3526 1088 3565 I.
1112 3527 1158 3566 do
1176 3528 1369 3578 Privileq.
1391 3525 1439 3566 in
1457 3529 1494 3566 6.

615 3598 636 3620 ⁴²
657 3599 795 3651 Epist.
819 3600 841 3642 7
861 3601 914 3638 ad
931 3601 1063 3648 Episc.
1086 3600 1271 3638 Dardan.
1293 3611 1393 3638 ann.
1415 3598 1494 3637 495
1513 3596 1632 3637 Tom.
1657 3598 1680 3635 2
1699 3596 1860 3636 collect.
1882 3594 2110 3634 Harduini.

621 3664 639 3687 ⁶
659 3665 798 3719 Epist.
823 3667 846 3705 8
865 3667 919 3705 ad
934 3666 1122 3705 Michael.
1143 3667 1338 3715 Imperat.
1360 3664 1480 3704 Tom.
1503 3664 1526 3703 5
1547 3663 1709 3704 collect.
1731 3661 1958 3702 Harduini.
