2534 4374
978 447 1256 490 nasama,
1939 432 2059 496 247

304 594 355 643 2.
394 592 476 643 Ad
535 593 874 643 matrimonia
927 596 1109 643 autem
1147 590 1276 659 jam
1325 596 1606 645 contracta
1662 594 1799 661 quod
1850 597 2066 657 attinet,

161 678 447 730 sacerdotes
511 693 691 727 omnes
755 676 849 744 qui
899 693 1078 727 curam
1137 676 1437 727 animarum
1494 683 1704 745 gerunt,
1760 680 2065 747 gravissime

161 778 435 814 monemus
472 778 533 811 ac
568 762 626 811 in
664 762 893 812 Domino
909 761 1162 829 jubemus
1189 769 1267 825 ut,
1292 779 1615 830 quamquam
1643 763 1750 813 illis
1775 764 2065 815 certissime

158 850 364 900 constet
386 846 787 896 matrimonium
812 845 1030 913 aliquod
1055 846 1351 898 invalidum
1379 848 1555 911 fuisse,
1576 849 1819 899 omnibus
1843 867 2065 916 quorum

160 935 380 985 interest
397 935 575 1000 aperte
594 931 863 983 declarent
887 949 940 982 se
964 931 1168 983 nullam
1194 934 1567 985 auctoritatem
1593 934 1781 984 habere
1796 934 2065 1001 judicium

159 1017 218 1068 in
242 1015 547 1084 hujusmodi
571 1030 626 1065 re
651 1014 880 1066 ferendi:
922 1015 1030 1078 sed,
1048 1021 1336 1083 antequam
1361 1017 1429 1067 ad
1448 1034 1643 1068 novum
1664 1018 2063 1068 matrimonium

159 1101 432 1172 procedere
473 1105 831 1168 praesumant,
873 1100 941 1151 ad
986 1098 1325 1152 Ordinarium
1368 1108 1637 1154 recurrant
1677 1104 1894 1171 ejusque
1929 1104 2065 1171 juri-

158 1188 336 1240 dicam
361 1186 684 1238 sententiam
708 1189 1007 1253 expectent.

303 1273 353 1322 3.
391 1270 844 1339 Quandocumque
868 1271 927 1321 in
952 1288 1109 1322 causa
1140 1272 1522 1323 matrimoniali
1552 1273 1816 1341 juridicus
1850 1274 2067 1324 institu-

160 1358 325 1410 endus
382 1358 455 1408 sit
509 1372 776 1424 processus
834 1356 901 1407 de
949 1356 1122 1407 valore
1174 1357 1253 1408 vel
1303 1357 1554 1409 nullitate
1604 1359 1949 1422 matrimonii,
1998 1361 2065 1410 ad

158 1459 396 1495 normam
413 1442 551 1510 juris
574 1441 909 1504 instituatur,
927 1442 1171 1493 adhibito
1194 1440 1557 1494 matrimonii
1582 1441 1887 1512 defensore:
1926 1445 2065 1511 quod

158 1535 222 1581 ut
270 1529 384 1580 fieri
432 1528 617 1596 possit,
668 1527 905 1578 defensor
953 1528 1414 1579 matrimoniorum
1463 1528 1522 1578 in
1572 1529 1795 1598 singulis
1844 1530 2066 1597 Synodis

160 1614 491 1667 Dioecesanis
514 1612 895 1676 nominabitur,
922 1613 1063 1663 salvo
1079 1613 1201 1680 jure
1227 1613 1479 1681 Episcopi
1504 1614 1661 1664 illum
1688 1615 2029 1666 immutandi.

300 1703 352 1750 4.
390 1699 459 1750 In
506 1697 731 1760 casibus,
774 1698 858 1748 vel
907 1698 964 1747 in
1015 1699 1201 1762 causis,
1244 1700 1727 1751 matrimonialibus
1776 1701 2067 1751 tractandis

156 1785 517 1839 exactissimos
542 1787 599 1835 et
623 1799 783 1851 quam
808 1783 1042 1834 maxime
1067 1783 1349 1853 diligentes
1374 1785 1664 1837 sacerdotes
1690 1803 1743 1837 se
1768 1785 2065 1848 exhibeant,

158 1873 223 1924 de
248 1872 402 1922 factis
425 1875 482 1922 et
505 1870 919 1922 circumstantiis
949 1870 1280 1938 inquirende,
1307 1871 1640 1938 probationes
1669 1877 1724 1922 et
1750 1872 2068 1922 documenta

156 1958 441 2009 necessaria
503 1956 821 2026 colligendO,
883 1959 1048 2023 atque
1111 1956 1517 2008 matrimonium
1581 1962 1938 2008 contracturos
2001 1959 2067 2007 ad

155 2044 384 2114 gratiam
427 2041 516 2110 huj
524 2059 587 2093 us
631 2042 948 2093 sacramenti
991 2041 1389 2109 percipiendam
1432 2043 1773 2110 disponendo·
1849 2042 2067 2103 Quando

155 2145 276 2180 vero
300 2132 425 2179 ante
449 2126 781 2178 matrimonii
806 2125 1215 2178 celebrationem
1253 2127 1322 2178 ad
1361 2126 1699 2178 Ordinarium
1736 2146 2068 2197 quacumque

154 2232 220 2267 ex
262 2232 418 2266 causa
459 2213 827 2265 recurrendum
871 2213 959 2276 sit,
1002 2213 1215 2263 nonnisi
1264 2213 1509 2263 omnibus
1550 2214 1608 2264 in
1651 2219 1911 2281 quantum
1955 2215 2066 2265 fieri

156 2301 395 2368 potuerit
424 2300 543 2368 jam
579 2298 796 2367 paratiS,
828 2314 908 2349 res
944 2298 1013 2348 ad
1050 2299 1226 2366 ipsum
1252 2299 1559 2350 deducatur.
1636 2298 1897 2350 Ordinarii
1924 2303 2065 2350 enim

155 2390 237 2438 est
276 2387 333 2437 in
374 2404 430 2437 re
464 2385 582 2453 jam
625 2384 912 2452 diligenter
952 2389 1138 2452 parata
1179 2387 1236 2435 et
1277 2384 1485 2453 integre
1527 2386 1765 2452 exposita
1798 2385 2064 2453 judicium

158 2471 319 2534 ferre3
366 2471 644 2522 licentiam
682 2475 777 2521 aut
819 2470 1267 2538 dispensationem
1310 2470 1620 2522 concedere:
1670 2471 1889 2521 minime
1933 2489 2067 2534 ver0,

158 2557 266 2608 sive
305 2574 399 2626 per
441 2574 496 2608 se
539 2556 647 2608 sive
690 2573 781 2624 per
823 2573 942 2607 suos
986 2555 1250 2619 officiales,
1293 2555 1378 2607 vel
1421 2556 1626 2607 litteras
1670 2557 1940 2607 scribendo
1984 2558 2065 2607 vel

159 2660 370 2711 sponsos
394 2642 784 2711 interrogando,
808 2641 1217 2709 inquisitionem
1252 2642 1316 2692 de
1354 2642 1510 2692 factis
1549 2643 1844 2706 instituere,
1883 2644 2067 2710 proba-

157 2730 329 2780 tiones
351 2729 639 2796 exquirere,
663 2728 979 2779 documenta
1003 2727 1275 2779 obtinere-³

815 2899 1221 2952 DECRETUM
1258 2900 1410 2954 XVI.

818 3011 898 3063 De
934 3009 1003 3062 M
999 3010 1409 3064 eradicantibus.

305 3127 355 3177 1.
395 3123 530 3177 Cum
553 3125 825 3176 neminem
850 3124 1018 3175 lateat
1042 3142 1204 3193 quam
1230 3142 1388 3195 grave
1414 3126 1485 3175 sit
1510 3130 1566 3176 et
1590 3126 1815 3177 dedecus
1840 3134 1893 3177 et
1921 3144 2066 3177 scan-

158 3212 343 3264 dalum
375 3211 632 3262 moniales
669 3215 726 3262 et
768 3228 977 3275 sororeS,
1016 3212 1127 3273 Deo
1171 3212 1391 3275 oblatas,
1428 3213 1743 3275 inordinate,
1788 3218 1842 3263 et
1885 3219 2064 3264 contra

161 3298 402 3348 instituti
445 3296 528 3347 sui
572 3297 884 3360 sanctiones,
926 3301 1074 3348 extra
1116 3299 1435 3348 monasteria
1478 3298 1689 3366 vagari3
1751 3299 1816 3347 ad
1861 3315 2065 3349 mensas

161 3382 504 3441 saecularium
528 3382 783 3442 assidere3
822 3387 878 3432 et
902 3382 958 3432 in
989 3383 1310 3446 eorumdem,
1337 3382 1537 3433 seclusa
1571 3387 1803 3432 extrema
1843 3386 2065 3435 necessi-

160 3471 292 3531 tate,
331 3467 574 3518 domibus
615 3472 949 3536 pernoctare3
1006 3468 1248 3518 districte
1290 3469 1677 3535 praedictarum
1715 3470 2064 3535 superioribus

288 3604 306 3628 ¹
329 3604 395 3645 De
413 3603 700 3645 Matrimoniis
718 3604 883 3651 Mixtis,
905 3604 1002 3645 vide
1021 3605 1256 3644 Arrnumx
1276 3604 1427 3653 ΧΠΙ.,
1447 3617 1490 3656 p.
1515 3605 1615 3653 315;
1648 3606 1690 3644 et
1710 3603 1760 3644 de
1781 3604 2064 3647 Matrimoniis

160 3679 300 3709 coram
318 3668 527 3709 ministris
543 3668 717 3720 haeret„
738 3668 836 3709 vide
853 3668 1054 3709 Arrxxn.
1076 3668 1190 3709 XIV
1193 3698 1220 3719 .‚
1243 3681 1286 3722 p.
1310 3670 1402 3708 318.
