2534 4374
330 452 414 513 20
907 464 1069 506 coNC.
1113 463 1282 505 PRov.
1326 454 1554 504 wner.
1599 459 1638 499 1.

322 617 401 666 ita
425 619 487 664 ut
511 614 600 663 vix
625 613 806 663 decore
829 609 1186 661 administrari
1220 609 1278 658 in
1311 608 1379 658 iis
1414 608 1581 674 possit
1605 606 1660 658 S.
1686 607 1981 670 Viaticum,
2005 623 2226 675 magno-

323 716 444 767 pere
486 697 810 748 laudandum
850 712 1005 745 usum
1041 693 1381 754 declaramuS,
1417 696 1473 742 et
1508 691 1754 742 omnibus
1791 691 2225 742 commendatum
2278 716 2281 717 ⁷

325 783 582 844 volumUS,
608 780 874 831 deferendi
899 795 1094 841 secum,
1118 777 1203 828 vel
1238 776 1638 843 praemittendi,
1674 775 1945 843 capsulam
1981 774 2225 825 omnibus

325 867 588 934 requisitis
631 867 962 925 instructam,
998 863 1066 912 ad
1102 862 1375 912 decentem
1413 861 1583 910 sancti
1620 861 1935 911 sacramenti
1971 860 2227 911 adminis-

326 952 625 1001 trationem.
699 948 1102 1014 Quamprimum
1125 946 1239 996 fieri
1264 945 1448 1012 possit,
1471 945 1624 1012 pyxis
1647 949 1768 1012 post
1800 946 2227 996 communionem

326 1035 650 1086 infirmorum
673 1034 741 1083 ad
765 1032 1037 1083 ecclesiam
1061 1030 1339 1092 deferatur,
1365 1034 1419 1080 et
1445 1047 1609 1097 usque
1633 1030 1700 1080 ad
1719 1029 2142 1098 purificationem
2166 1029 2226 1079 in

330 1119 684 1169 Tabernaculo
707 1119 1004 1184 reponatur.

472 1213 554 1260 13.
605 1210 826 1260 Hostiae
868 1211 1213 1271 consecratae,
1258 1208 1368 1260 sive
1416 1225 1511 1276 pro
1553 1211 1920 1260 communione
1967 1207 2228 1271 fidelium,

327 1298 434 1347 sive
457 1313 550 1363 pro
564 1294 924 1345 benedictione
952 1291 1284 1343 Sanctissimi
1311 1293 1653 1357 Sacramenti‚
1679 1295 1976 1362 frequenter
1990 1293 2228 1346 renovari

327 1381 534 1432 debent.
610 1379 768 1446 Pyxis
793 1379 958 1428 etiam
981 1377 1251 1444 purificari
1287 1378 1463 1441 debet,
1500 1379 1580 1428 ita
1615 1383 1681 1428 ut
1717 1379 2013 1446 fragmenta
2048 1380 2229 1429 minu-

327 1466 463 1516 tiora
497 1466 555 1514 in
578 1481 639 1514 ea
666 1480 771 1514 non
797 1466 1158 1531 congerantur,
1183 1478 1307 1512 cum
1331 1463 1564 1530 periculo
1589 1463 1755 1514 etiam
1779 1465 2144 1515 irreverentiae
2168 1464 2228 1514 in

327 1550 745 1601 administrando
771 1545 860 1617 (¹).

474 1646 557 1693 14.
609 1641 885 1704 Similiter,
909 1645 944 1672 ‘⁶
962 1640 1294 1704 linteamina,
1313 1642 1616 1710 corporalia,
1632 1644 1822 1711 pallae,
1842 1648 1898 1695 et
1921 1644 2028 1696 alia
2045 1644 2228 1696 altaris

327 1730 658 1789 indumenta,
683 1728 890 1795 integra
915 1727 1023 1776 sint
1047 1730 1102 1776 et
1133 1726 1501 1790 mundissima,
1538 1731 1595 1778 et
1631 1744 1781 1796 saepe
1817 1729 2101 1780 abluantur
2135 1746 2230 1797 per

329 1831 567 1883 personas
603 1830 635 1862 a
671 1812 957 1863 canonibus
993 1812 1275 1879 deputatas
1293 1812 1324 1835 ’⁴’
1365 1811 1595 1881 (scilicet
1633 1814 1809 1880 quoad
1851 1814 2137 1881 corparalia
2171 1818 2229 1865 et

328 1899 511 1967 pallas,
547 1914 638 1964 per
672 1899 847 1964 ipsum
883 1898 1222 1959 sacerdotem,
1244 1897 1342 1947 ubi
1367 1897 1715 1948 subdiaconus
1738 1915 1844 1949 non
1876 1897 2070 1969 adest),
2107 1903 2142 1929 ‘⁶
2159 1899 2230 1950 ad

328 1981 673 2032 reverentiam
712 1984 767 2030 et
808 1979 1158 2046 praesentiam
1203 1978 1490 2030 Salvatoris
1532 1980 1714 2030 Nostri
1754 1985 1811 2031 et
1845 1982 2014 2032 totius
2041 1979 2229 2032 Curiae

328 2066 581 2126 coelestiS,
627 2082 787 2132 quam
826 2064 950 2113 huic
995 2063 1332 2115 Sacramento
1375 2063 1718 2127 conficiend0‚
1759 2069 1817 2115 et
1851 2066 2090 2116 confecto
2121 2082 2229 2116 non

329 2152 555 2203 dubium
580 2159 659 2201 est
682 2149 962 2200 interesse’'
987 2148 1076 2218 (2).

477 2245 559 2293 15.
611 2243 750 2292 Item
774 2243 841 2293 ab
866 2242 1012 2292 omni
1035 2241 1141 2292 alia
1164 2259 1219 2292 re
1237 2257 1463 2292 vacuum
1481 2242 1640 2293 debet
1654 2259 1762 2293 esse
1785 2243 2230 2306 Tabernaculum;

332 2333 366 2358 “
384 2327 723 2396 quamobrem
764 2343 861 2376 nec
897 2342 1019 2376 vasa
1054 2326 1158 2377 olei
1196 2325 1250 2378 S.
1288 2343 1384 2377 nec
1421 2327 1635 2394 capsula
1669 2328 2031 2396 reliquiarum,
2059 2346 2229 2397 neque

330 2413 486 2475 calix,
510 2430 678 2480 neque
701 2412 1136 2480 purificatorium,
1159 2411 1238 2463 ibi
1263 2413 1452 2463 servari
1489 2413 1718 2466 debent:
1745 2418 1822 2485 „ut
1845 2415 2061 2465 omnino
2087 2431 2231 2466 sacra

332 2498 665 2548 Eucharistia
702 2514 824 2547 cum
861 2513 952 2547 suo
991 2514 1111 2548 vase
1152 2499 1210 2547 in
1250 2514 1312 2548 eo
1354 2498 1618 2548 duntaxat
1659 2503 2027 2562 conservetur3
2081 2499 2230 2551 aliud

331 2586 598 2650 praeterea
620 2580 803 2631 nihil.”
880 2579 1109 2649 (Concil.
1138 2580 1363 2634 Mediol.
1390 2583 1469 2632 IV
1471 2621 1503 2646 .,
1527 2601 1581 2651 p.
1602 2582 1691 2653 ΙΙ.)
1726 2584 1730 2588 ’

479 2674 561 2725 16.
612 2672 691 2723 Ut
731 2689 887 2723 omne
927 2673 1152 2724 dubium
1195 2675 1261 2724 de
1299 2675 1522 2725 materia
1561 2678 1874 2740 sacramenti
1905 2682 2228 2742 amoveatur,

330 2776 436 2809 non
465 2759 700 2809 cuilibet
741 2759 1159 2825 permittendum
1201 2764 1263 2810 ut
1313 2759 1510 2811 hostias
1553 2763 1923 2814 consecrandas
1964 2764 2228 2828 conficiat,

334 2844 423 2894 sed
447 2844 677 2910 personis
701 2843 897 2893 fiducia
921 2843 1115 2912 dignis,
1138 2848 1212 2906 et,
1237 2845 1282 2895 si
1317 2844 1510 2912 placet,
1547 2847 1865 2898 monialibus
1899 2847 1998 2898 hoc
2033 2865 2228 2899 munus

332 2928 684 2978 concredatur.
760 2927 1016 2978 Similiter
1039 2929 1224 2978 vinum
1249 2929 1317 2978 ad
1342 2929 1672 2992 sacrificium,
1696 2948 1804 2982 non
1827 2948 1860 2982 a
1888 2933 2228 2999 cauponibUS,

331 3028 429 3062 nec
471 3029 504 3062 a
542 3012 780 3078 quolibet
813 2998 1065 3078 oenopola
1103 3016 1184 3062 est
1217 3014 1644 3080 comparandum,
1690 3032 1814 3066 cum
1850 3018 2118 3067 notorium
2155 3018 2228 3067 sit

333 3098 590 3146 sincerum
614 3097 799 3146 vinum
823 3096 891 3146 ab
914 3095 1217 3162 hujusmodi
1249 3096 1552 3149 hominibus
1590 3116 1742 3167 saepe
1776 3116 1883 3151 non
1911 3102 2099 3161 vendi3
2137 3103 2227 3153 sed

331 3181 503 3231 omnis
539 3180 818 3248 diligentia
854 3184 935 3230 est
969 3180 1282 3244 adhibenda,
1318 3183 1625 3233 curantibus
1662 3185 1828 3234 etiam
1865 3186 2139 3253 episcopiS,
2162 3190 2228 3237 ut

334 3264 521 3314 vinum
546 3264 610 3314 de
634 3265 899 3333 genimine
923 3265 1050 3314 vitis
1074 3266 1385 3333 presbyteris
1409 3266 1603 3334 ubique
1626 3273 1832 3335 praesto
1852 3270 1939 3320 sit.

481 3354 563 3406 17.
615 3353 749 3406 Cum
785 3355 971 3405 multis
1006 3356 1065 3406 in
1101 3356 1228 3407 locis
1265 3357 1588 3424 impossibile
1614 3359 1686 3410 sit
1711 3361 1778 3411 ob
1801 3362 2038 3429 inopiam
2062 3379 2228 3414 sacer-

333 3440 538 3501 dotum,
564 3440 801 3489 omnium
825 3439 1064 3490 fidelium
1101 3442 1444 3493 confessiones
1479 3443 1620 3494 inter
1654 3446 1944 3496 terminum
1976 3448 2226 3514 temporis

336 3522 602 3574 Paschalis
651 3525 903 3591 excipere,
950 3541 985 3576 a
1032 3542 1236 3575 summo
1278 3525 1539 3577 Pontifice
1588 3530 1897 3597 suppliciter
1935 3532 2224 3598 petendum

480 3675 535 3726 (1)
578 3674 706 3714 “Nec
718 3675 831 3714 ultra
842 3677 1001 3726 septem
1019 3674 1107 3714 dies
1124 3677 1423 3715 conserventur
1440 3676 1616 3717 Hostiae
1627 3680 1888 3720 consecratae
1905 3693 1915 3728 ;
1946 3680 2018 3720 sed
2035 3679 2225 3732 qualibet

332 3740 567 3793 septimana
583 3739 885 3780 renoventur.’'
947 3739 1142 3790 (Con-stit.
1152 3753 1265 3789 prov.
1287 3754 1387 3780 eone.
1413 3743 1549 3791 Oaeon„
1572 3755 1638 3782 an.
1660 3746 1782 3793 1222,
1804 3745 1868 3783 De
1883 3746 2078 3799 Euchar.)

482 3809 540 3862 (2)
578 3808 686 3849 Ibid.
