2534 4374
474 442 608 503 288
1038 463 1201 506 cono.
1248 464 1418 507 PRov.
1463 466 1685 508 wner.
1729 467 1804 508 1v.

478 610 637 674 Deus,
675 613 769 680 qui
811 614 1059 680 mysteria
1101 613 1298 664 revelat
1340 618 1396 664 et
1433 612 1594 664 fidem
1633 615 1888 678 infundit,
1926 615 2103 665 animo
2144 614 2373 667 humano

477 697 695 747 rationis
744 698 923 747 lumen
971 698 1258 759 indiderit3
1318 698 1460 749 Deus
1509 704 1691 749 autem
1746 715 1936 768 negare
1992 700 2222 767 seipsum
2268 716 2374 751 non

477 782 660 848 possit,
708 800 802 832 nec
850 799 1030 832 verum
1079 800 1200 834 vero
1247 800 1481 850 unquam
1530 784 1897 834 contradicere.
1971 784 2152 834 Inanis
2192 790 2374 835 autem

476 866 632 934 hujus
657 867 1086 917 contradictionis
1121 868 1316 935 species
1355 869 1479 919 inde
1516 868 1852 936 potissimum
1891 868 2073 931 oritur,
2112 870 2253 936 quod
2290 869 2374 920 vel

475 953 601 1004 fidei
641 955 891 1023 dogmata
929 955 996 1004 ad
1034 959 1269 1005 mentem
1308 955 1572 1006 Ecclesiae
1610 954 1881 1006 intellecta
1919 959 1975 1006 et
2004 957 2240 1024 exposita
2266 973 2373 1008 non

477 1038 690 1101 fuerint,
715 1038 799 1088 vel
822 1039 1134 1106 opinionum
1158 1043 1458 1091 commenta
1480 1057 1574 1108 pro
1602 1040 1821 1091 rationis
1853 1039 2026 1091 effatis
2065 1040 2371 1092 habeantur.

464 1121 699 1173 ‘Omnem
737 1123 908 1191 igitur
938 1125 1275 1175 assertionem
1306 1125 1522 1175 veritati
1544 1124 1878 1175 illuminatae
1901 1124 2027 1175 fidei
2051 1126 2372 1177 contrarium

462 1209 691 1258 omnino
716 1209 902 1259 falsam
926 1226 1034 1260 esse
1073 1209 1391 1260 definimus,1
1459 1209 1617 1260 Porro
1650 1209 1903 1273 Ecclesia,
1945 1227 2079 1278 quae
2108 1227 2215 1261 una
2247 1228 2371 1262 cum.

475 1294 762 1361 apostolico
801 1311 1016 1346 munere
1055 1295 1295 1358 docendi,
1333 1295 1645 1345 mandatum
1677 1295 1900 1362 accepit,
1924 1294 2048 1346 fidei
2072 1295 2370 1363 depositum

475 1382 825 1444 custodiendi,
840 1382 932 1450 jus
958 1383 1123 1434 etiam
1157 1387 1212 1433 et
1245 1382 1478 1433 officium
1508 1382 1765 1433 divinitus
1796 1380 1956 1432 habet
1990 1381 2109 1432 falsi
2139 1382 2370 1435 nominis
2443 1409 2457 1442 ῃ

475 1468 752 1518 scientiam
791 1468 1158 1536 proscribendi,
1196 1485 1265 1519 ne
1303 1469 1421 1536 quis
1455 1469 1750 1535 decipiatur
1772 1484 1864 1535 per
1887 1467 2290 1535 philosophiam,
2314 1473 2371 1520 et

475 1551 689 1602 inanem
728 1553 1034 1604 fallaciam.2
1102 1553 1427 1622 Quapropter
1463 1569 1641 1604 omnes
1677 1551 1951 1603 christiani
1989 1552 2170 1604 fideles
2188 1552 2370 1621 hujus-

474 1638 618 1687 modi
675 1639 964 1706 opinioneS,
1021 1656 1154 1707 quae
1214 1640 1338 1690 fidei
1399 1640 1664 1690 doctrinae
1724 1638 2012 1689 contrariae
2072 1655 2180 1688 esse
2247 1655 2370 1708 cog-

473 1727 776 1787 noscuntur,
800 1725 1029 1775 maxime
1055 1725 1099 1775 si
1123 1725 1191 1775 ab
1213 1725 1449 1775 Ecclesia
1476 1724 1779 1792 reprobatae
1811 1723 2026 1786 fuerint,
2058 1739 2165 1774 non
2200 1723 2367 1774 solum

474 1808 814 1875 prohibentur
837 1814 1091 1877 tanquam
1114 1809 1385 1878 legitimas
1418 1811 1666 1860 scientiae
1700 1808 2052 1859 conclusiones
2077 1809 2368 1872 defendere,

475 1893 563 1942 sed
587 1909 679 1959 pro
705 1893 957 1943 erroribus
988 1892 1184 1959 potiuS,
1215 1893 1307 1959 qui
1339 1891 1581 1942 fallacem
1617 1892 1856 1942 veritatis
1893 1891 2120 1958 speciem
2155 1907 2279 1958 prae
2314 1907 2368 1942 se

475 1978 662 2040 ferant,
686 1977 892 2040 habere,
916 1982 1166 2028 tenentur
1190 1978 1422 2028 omnino·
1530 2032 1534 2038 ,

615 2061 800 2129 Neque
848 2062 1018 2113 solum
1064 2063 1193 2113 fides
1238 2067 1294 2112 et
1340 2063 1475 2112 ratio
1522 2063 1661 2112 inter
1708 2078 1759 2113 se
1807 2050 2054 2111 dissidere
2095 2077 2367 2128 nunquam

473 2151 709 2214 possunt,
735 2147 823 2198 sed
847 2164 1000 2214 opem
1024 2164 1230 2214 quoque
1255 2147 1355 2197 sibi
1386 2151 1631 2197 mutuam
1668 2146 1863 2208 ferunt,
1898 2162 2020 2195 cum
2057 2150 2198 2196 recta
2230 2147 2365 2197 ratio

474 2233 598 2282 fidei
641 2233 986 2283 fundamenta
1024 2234 1362 2294 demonstret,
1405 2232 1621 2300 ejusque
1656 2232 1859 2282 lumine
1893 2230 2158 2282 illustrata
2192 2249 2364 2283 rerum

458 2318 771 2369 divinarum
807 2318 1086 2368 scientiam
1121 2317 1355 2378 excolat3
1403 2318 1532 2370 fides
1568 2335 1688 2369 vero
1722 2319 1979 2368 rationem
2014 2317 2081 2368 ab
2113 2318 2363 2370 erroribus

473 2404 660 2454 liberet
714 2420 775 2453 ac
835 2407 1066 2467 tueatur,
1124 2420 1343 2470 eamque
1404 2403 1695 2470 multiplici
1756 2403 2057 2470 cognitione
2119 2403 2360 2454 instruat.

459 2488 801 2556 *Quapropter
841 2493 1056 2539 tantum
1097 2489 1260 2551 abest,
1299 2493 1363 2539 ut
1405 2489 1642 2539 Ecclesia
1681 2487 2030 2538 humanarum
2071 2489 2264 2538 artium
2307 2494 2362 2539 et

471 2575 870 2642 disciplinarum
920 2574 1157 2624 culturae
1204 2574 1441 2637 obsistat,
1483 2579 1547 2623 ut
1594 2572 1730 2624 hanc
1777 2573 1963 2623 multis
2004 2573 2173 2624 modis
2204 2573 2362 2641 juvet

455 2664 632 2727 atque
672 2663 994 2727 promoveat.
1081 2659 1204 2709 Non
1246 2659 1389 2709 enim
1431 2659 1705 2709 commoda
1745 2658 1813 2708 ab
1857 2658 1925 2708 iis
1970 2658 2038 2708 ad
2084 2657 2360 2709 hominum

470 2747 639 2795 vitam
689 2745 1020 2794 dimanantia
1055 2747 1152 2794 aut
1187 2744 1396 2813 ignorat
1431 2747 1526 2793 aut
1561 2743 1816 2810 despicit3
1859 2742 2056 2792 fatetur
2085 2742 2212 2806 im0,
2257 2760 2359 2805 eaS,

456 2830 913 2898 quemadmodum
942 2846 974 2879 a
1004 2829 1134 2892 Deo,
1168 2829 1506 2880 scientiarum
1537 2828 1784 2890 Domin0,
1815 2826 2076 2895 profectae
2108 2831 2263 2891 sunt,
2278 2828 2359 2878 ita

471 2917 515 2967 si
540 2919 640 2966 rite
672 2918 1075 2983 pertractentur,
1099 2915 1166 2965 ad
1205 2914 1395 2976 Deum,
1426 2914 1651 2981 juvante
1689 2913 1802 2979 ejus
1838 2912 2029 2980 gratia,
2065 2913 2356 2979 perducere.

468 3001 581 3052 Nec
621 3017 742 3051 sane
778 3000 894 3067 ipsa
931 3003 1095 3062 vetat,
1133 3016 1200 3050 ne
1238 2999 1542 3067 hujusmodi
1579 2999 1887 3065 disciplinae
1924 2999 1982 3048 in
2006 3014 2098 3048 suo
2121 3014 2357 3064 quaeque

353 3085 358 3091 ’
452 3087 677 3137 ambitu
722 3085 946 3154 propriis
993 3089 1213 3135 utantur
1258 3085 1534 3152 principiis
1581 3089 1637 3135 et
1682 3085 1890 3151 propria
1935 3083 2214 3143 method03
2267 3084 2355 3134 sed

442 3229 448 3235 ,
458 3172 664 3237 justam
702 3170 837 3220 hanc
875 3169 1174 3220 libertatem
1212 3185 1512 3237 agnoscenS,
1550 3168 1607 3218 id
1646 3168 1824 3218 sedulo
1856 3172 2024 3230 cavet,
2046 3184 2114 3218 ne
2144 3168 2355 3219 divinae

467 3257 735 3307 doctrinae
756 3254 1095 3323 repugnando
1119 3270 1307 3305 errores
1331 3255 1388 3304 in
1413 3271 1466 3304 se
1490 3254 1796 3320 suscipiant,
1829 3257 1924 3304 aut
1958 3253 2086 3303 fines
2122 3254 2354 3320 proprios

467 3346 826 3409 transgressae,
847 3356 927 3402 ea,
950 3356 1084 3407 quae
1108 3342 1233 3389 sunt
1255 3338 1397 3401 fidei,
1420 3341 1679 3405 occupent
1702 3342 1758 3388 et
1779 3338 2101 3405 perturbent.

609 3426 790 3493 Neque
838 3425 980 3476 enim
1027 3424 1152 3475 fidei
1199 3425 1453 3486 doctrina,
1500 3440 1659 3490 quam
1706 3423 1845 3473 Deus
1891 3423 2159 3486 revelavit,
2209 3423 2353 3473 velut

458 3510 886 3579 philosophicum
924 3510 1198 3559 inventum
1237 3508 1502 3588 proposita
1539 3511 1620 3558 est
1657 3508 1901 3558 humanis
1938 3508 2162 3576 ingeniis
2197 3508 2351 3574 perfi-

907 3617 925 3641 ²
948 3618 1073 3659 Cone.
1095 3618 1191 3659 Lat.
1211 3594 1271 3658 v}
1290 3618 1416 3658 Bulla
1432 3618 1652 3668 Apostolici
1669 3618 1886 3669 reqiminis.

909 3683 929 3708 ¹
951 3683 1106 3725 Coloss.
1126 3683 1173 3725 ii.
1195 3686 1234 3725 8.
