2534 4374
494 389 619 449 252
1061 409 1220 452 (1οΝ0.
1265 410 1430 452 PRov.
1475 410 1693 454 wner.
1740 413 1828 476 lv,

490 571 676 605 manus
702 560 757 606 et
781 573 905 623 prae
931 557 1097 607 oculis
1123 556 1440 607 missionarii
1477 556 1611 625 legis
1649 558 1820 608 civilis
1860 561 2080 621 statuta,
2118 561 2184 608 ut
2217 575 2312 626 pro
2347 575 2403 610 re

490 645 633 703 nata,
676 657 782 693 non
836 642 1004 691 solum
1055 643 1277 704 fortiter,
1328 642 1418 692 sed
1468 646 1524 692 et
1573 642 1796 693 scienter
1843 660 2007 711 aeque
2055 660 2117 694 ac
2165 644 2403 694 modeste

490 741 701 775 causam
736 742 1031 793 pauperum
1070 742 1223 793 agere
1260 726 1483 793 possint,
1509 743 1793 794 eorumque
1809 727 1934 795 jura
1957 728 2201 797 religiosa
2225 728 2404 778 defen-

489 810 612 859 dere
636 827 698 860 ac
723 827 1072 879 propugnare,
1097 827 1302 861 necnon
1318 810 1411 878 jus
1445 827 1531 861 eos
1571 812 1726 862 statis
1766 812 1954 863 saltem
1992 812 2132 863 horis
2169 812 2402 863 adeundi

492 895 593 945 sibi
619 895 747 962 ipsis
776 895 1058 945 vindicare.

637 982 686 1031 7.
727 979 1003 1030 Crescente
1046 980 1219 1031 indies
1262 999 1480 1032 numero
1519 982 1844 1033 familiarum
1881 999 2019 1050 quae
2055 999 2225 1051 neque
2263 984 2403 1034 inter

492 1082 745 1132 pauperes
795 1081 967 1132 neque
1008 1066 1149 1115 inter
1190 1066 1385 1117 divites
1418 1067 1707 1118 censendae
1740 1071 1882 1129 sunt,
1915 1069 2087 1119 denuo
2119 1067 2404 1119 rectoribus

492 1150 594 1216 maj
603 1166 752 1199 orum
800 1150 1113 1201 missionum
1163 1152 1643 1202 commendandum
1692 1152 2039 1215 decernimus,
2082 1153 2140 1203 id
2182 1153 2323 1220 quod
2371 1169 2404 1202 a

492 1234 671 1284 Primo
695 1239 873 1286 nostro
901 1234 1138 1287 Concilio
1169 1236 1560 1303 sapientissime
1588 1237 1940 1304 approbatum
1965 1240 2076 1289 est:
2114 1237 2317 1288 scilicet
2339 1241 2404 1286 ut

491 1337 652 1387 quam
691 1321 927 1387 primum
966 1321 1321 1371 instituantur
1361 1321 1582 1384 scholae,
1621 1321 1704 1372 vel
1743 1322 1909 1372 etiam
1934 1321 2158 1391 collegia
2181 1322 2404 1383 minora,

494 1405 587 1455 ubi
625 1405 858 1456 melioris
902 1407 1222 1457 conditionis
1263 1408 1433 1474 pueri,
1472 1410 1679 1474 praeter
1726 1407 2031 1458 communia
2079 1407 2405 1458 educationis

492 1490 773 1553 elementa,
817 1490 1115 1558 disciplinis
1156 1491 1322 1541 etiam
1365 1492 1434 1542 ad
1475 1492 1619 1542 vitae
1662 1492 1950 1542 industrias
1993 1495 2050 1542 et
2093 1493 2405 1542 commercia

494 1575 886 1643 pertinentibus
912 1577 1091 1627 sedulo
1115 1577 1442 1628 imbuantur.

639 1663 690 1711 8.
727 1660 971 1728 Denique
1019 1661 1149 1712 licet
1196 1662 1309 1712 dies
1351 1662 1522 1712 Primi
1565 1661 1790 1714 Concilii
1834 1663 2405 1714 westmonasteriensis

494 1746 744 1796 Patribus
769 1746 901 1796 adeo
926 1746 1240 1810 desiderata,
1265 1747 1324 1797 in
1348 1764 1453 1814 qua
1487 1746 1759 1799 Catholica
1793 1748 2027 1817 erigatur
2060 1748 2405 1809 UniversitaS‚

495 1831 648 1881 nobis
672 1831 911 1881 nondum
937 1831 1192 1895 illuxerit,
1211 1835 1468 1894 attamen,
1487 1834 1805 1883 auctoritate
1824 1837 1879 1883 et
1894 1834 2050 1901 jussu
2072 1831 2406 1900 Apostolicae

499 1916 650 1967 Sedis
676 1916 801 1966 freti
825 1919 882 1965 et
906 1916 1147 1979 excitati,
1171 1917 1239 1967 ad
1269 1917 1594 1984 provectiora
1631 1917 1931 1968 litterarum
1970 1922 2026 1969 et
2063 1917 2405 1969 scientiarum

494 2002 676 2053 studia
718 2002 1075 2069 promovenda
1118 2005 1175 2052 et
1215 2001 1533 2069 perficienda
1571 2007 1779 2053 nosmet
1818 2004 2091 2072 accingere
2130 2004 2189 2054 in
2227 2003 2406 2053 animo

496 2090 595 2135 est.
695 2083 852 2134 Sacra
909 2084 1054 2133 enim
1107 2084 1174 2134 de
1221 2083 1570 2151 Propaganda
1618 2083 1753 2134 Fide
1803 2083 2153 2153 Congregatio
2201 2085 2407 2135 iteratis

495 2169 689 2219 litteris
714 2168 938 2218 aliarum
964 2169 1240 2235 regionum
1277 2168 1564 2236 Episcopos
1591 2169 1917 2236 jamdudum
1954 2171 2234 2221 admonuit
2271 2169 2407 2221 Uni-

494 2254 761 2304 versitatis
815 2251 1118 2304 Catholicae
1167 2253 1536 2304 fundationem
1584 2258 1641 2304 et
1687 2256 1925 2324 regimen
1982 2255 2052 2306 ad
2109 2256 2405 2305 animarum

494 2355 676 2389 curam
714 2342 772 2389 et
806 2338 876 2388 ad
918 2338 1260 2389 Hierarchiae
1301 2338 1618 2406 pastoralem
1645 2338 2075 2406 jurisdictionem
2112 2339 2404 2406 pertinere:

495 2425 716 2491 ideoque
750 2424 819 2474 ad
856 2423 1098 2473 eamdem
1126 2422 1559 2490 jurisdictionem
1597 2427 1848 2491 spectare,
1874 2441 1936 2474 ea
1973 2425 2153 2474 omnia
2177 2440 2313 2491 quae
2336 2423 2406 2474 ad

494 2514 744 2576 optatum
776 2508 940 2558 finem
977 2508 1268 2575 conspirare
1304 2509 1509 2575 possint
1545 2508 1726 2559 sedulo
1763 2512 1819 2559 et
1853 2509 2106 2559 continuo
2131 2525 2405 2578 congerere

496 2599 554 2645 et
576 2610 896 2661 praeparare.
969 2592 1110 2643 Mira
1150 2610 1274 2644 sane
1315 2592 1417 2643 Dei
1456 2592 1810 2660 providentia,
1836 2594 1934 2644 sub
1960 2593 2213 2644 luctuosis
2238 2594 2404 2644 etiam
2448 2648 2451 2653 ,

497 2679 876 2747 persecutionis
902 2682 958 2729 et
981 2679 1313 2746 paupertatis
1338 2678 1616 2744 angustiiS,
1642 2676 1878 2728 Ecclesia
1901 2679 1960 2728 in
1984 2678 2179 2748 Anglia
2214 2677 2406 2729 Catho-

498 2766 602 2816 lica
619 2765 771 2832 plura
786 2764 970 2827 erexit,
985 2780 1146 2831 eaque
1161 2763 1316 2814 hodie
1334 2762 1577 2814 florentia
1614 2761 1864 2832 Collegia,
1879 2780 2015 2831 quae
2031 2763 2405 2814 Universitatis
2439 2749 2446 2755 ’

496 2851 701 2917 proprie
743 2849 919 2899 dictae
966 2849 1255 2916 primordia
1303 2849 1413 2899 dici
1460 2849 1680 2916 possint.
1754 2849 1918 2900 Hisce
1958 2850 2077 2917 jam
2125 2848 2404 2916 praejectis

501 2934 883 2996 fundamentiS‚
909 2933 1122 2983 culmen
1162 2937 1219 2983 et
1257 2933 1534 3001 fastigium
1577 2950 1671 2984 suo
1710 2937 1945 3000 tempore
1988 2933 2405 3000 superimponere

498 3020 649 3070 nobis
674 3019 761 3069 vel
787 3018 1164 3069 successoribus
1205 3018 1398 3068 nostris
1440 3017 1649 3068 levioris
1690 3019 1938 3068 reddetur
1976 3018 2182 3068 laboris.
2255 3017 2406 3067 Intra

499 3106 686 3155 horum
711 3104 856 3155 enim
883 3102 1236 3172 Collegiorum
1277 3103 1503 3170 parietes
1533 3103 1651 3170 jam
1690 3103 1996 3171 congregati
2029 3105 2155 3153 sunt
2185 3101 2405 3169 plurimi

497 3190 870 3252 adolescenteS,
895 3189 1009 3256 qui,
1033 3187 1358 3256 provectiora
1383 3187 1560 3237 studia
1593 3188 1740 3237 exitu
1773 3187 1917 3237 felici
1941 3187 2251 3249 excolentes,
2276 3186 2403 3236 alibi

500 3274 767 3325 transferri
787 3274 1005 3335 debent,
1028 3273 1122 3323 ubi
1145 3289 1178 3322 a
1200 3273 1374 3340 pueris
1412 3272 1657 3339 sejuncti,
1680 3275 1736 3322 et
1761 3272 1857 3322 sub
1879 3272 2134 3339 regimine
2158 3270 2330 3322 aetati
2349 3276 2405 3321 et

499 3360 668 3410 indoli
705 3360 850 3410 virili
885 3343 1168 3426 prudenter
1205 3361 1516 3424 temperatO,
1555 3373 1662 3407 non
1696 3357 2023 3407 solummodo
2064 3356 2273 3418 studiis,
2313 3357 2403 3406 sed

502 3445 666 3494 etiam
706 3444 1018 3512 disciplinae
1057 3441 1398 3510 experientia,
1435 3441 1505 3492 ad
1543 3441 1780 3491 futuram
1823 3441 1967 3490 vitae
2006 3440 2263 3490 militiam
2298 3457 2405 3490 sese

501 3530 774 3598 accingere
799 3532 1068 3596 poterunt.
1149 3528 1267 3579 Hoc
1293 3526 1573 3578 consilium
1598 3542 1758 3593 quam
1782 3525 2011 3575 maxime
2035 3525 2408 3574 commendant

504 3614 831 3681 suadentque
854 3613 1179 3681 periculosae
1215 3629 1306 3663 eae
1339 3611 1664 3662 mutationes
1688 3610 1747 3660 in
1771 3609 1995 3678 Angliae
2020 3608 2406 3659 Universitates
