2534 4374
583 457 822 500 APPEND.
871 459 933 502 11.
1018 458 1310 507 sumnus
1353 462 1650 507 sanonum.
1937 446 2060 510 273

1038 715 1064 778 ξ
1091 716 1184 769 v1.

157 836 387 892 Bon-ores
412 834 477 889 de
502 833 751 889 societate
775 836 935 890 civili
960 843 1085 891 tum
1108 837 1177 891 in
1194 855 1267 902 se,
1287 843 1410 891 tum
1429 837 1497 890 im
1521 837 1645 892 suis
1668 836 1745 890 ad
1770 835 2067 890 Eccleswm

785 922 1151 977 relationibus
1181 927 1439 994 spectata.

300 1044 565 1096 XXXIX.
605 1044 949 1113 Reipublicae
982 1051 1170 1111 statue,
1194 1052 1383 1115 utpote
1416 1047 1658 1099 omnium
1682 1047 1889 1115 jurium
1923 1046 2071 1114 origo

155 1135 213 1184 et
236 1131 370 1194 fonS,
385 1130 509 1198 jure
533 1130 764 1198 quodam
788 1131 955 1199 pollet
979 1132 1141 1183 nullis
1166 1133 1563 1201 circumscripto
1589 1132 1870 1184 limitibus.

413 1229 551 1270 Alloc.
574 1230 758 1269 Maxima
777 1231 930 1281 quidem
950 1232 974 1270 9
993 1229 1132 1282 Junii,
1159 1233 1275 1272 1862.

298 1335 417 1388 XL.
457 1334 760 1388 Catholicae
786 1335 1051 1389 Ecclesiae
1076 1338 1316 1389 doctrina
1348 1337 1614 1390 humanae
1644 1338 1909 1389 societatis
1935 1337 2073 1388 bono

154 1423 212 1471 et
234 1418 523 1471 commodis
548 1418 867 1470 adversatur.

412 1517 552 1571 Epist.
575 1518 737 1571 encycl.
763 1519 840 1565 Qui
853 1519 1041 1568 pluribus
1060 1522 1084 1560 9
1104 1518 1373 1571 Novembris,
1400 1521 1518 1560 1846.

410 1585 548 1627 Alloc.
575 1586 723 1633 Quibus
741 1587 976 1638 quantisque
996 1589 1046 1628 20
1065 1586 1243 1640 Aprilis,
1270 1589 1387 1628 1849.

298 1693 446 1744 XLI.
486 1691 646 1744 Civili
689 1693 946 1760 potestati
990 1692 1075 1744 vel
1124 1693 1192 1744 ab
1238 1692 1446 1745 infideli
1495 1694 1781 1761 imperanti
1808 1694 2068 1743 exercitae

155 1780 417 1848 competit
457 1782 692 1847 potestas
733 1778 993 1829 indirecta
1035 1778 1287 1847 negativa
1323 1779 1383 1830 in
1421 1795 1594 1839 sacra3
1644 1778 1817 1829 eidem
1854 1779 2072 1845 proinde

155 1866 415 1933 competit
457 1863 657 1915 nedum
691 1863 784 1932 jus
833 1863 977 1931 quod
1025 1871 1218 1914 vocant
1266 1867 1589 1932 exequatur,
1638 1863 1728 1914 sed
1777 1864 1939 1913 etiam
1982 1863 2074 1930 jus·

156 1946 555 2020 appellationis
580 1965 744 2016 quam
769 1952 1084 2016 nuncupant
1108 1946 1175 2001 ab
1201 1947 1403 2001 abusu.

414 2050 521 2091 Litt.
542 2050 693 2103 Apost.
715 2050 790 2090 Aa
806 2051 1039 2100 apostolicae
1058 2050 1109 2092 22
1128 2049 1331 2103 Augusti,
1358 2051 1474 2091 1851.

299 2157 479 2208 XLII.
518 2156 585 2207 In
628 2156 883 2208 conflictu
924 2157 1107 2226 legum
1150 2157 1424 2226 utriusque
1467 2158 1749 2226 potestatis
1782 2158 1874 2226 jus
1916 2158 2074 2208 civile

156 2242 439 2311 praevalet.

415 2342 522 2384 Litt.
544 2343 695 2396 Apost.
718 2343 793 2383 Aa
808 2345 1042 2394 apostolicae
1060 2330 1112 2383 22
1131 2342 1334 2396 Augusti,
1361 2344 1479 2384 1851.

299 2449 510 2501 XLIII.
548 2449 711 2500 Laica
771 2453 1007 2517 potestas
1067 2449 1446 2501 auctoritatem
1506 2449 1669 2501 habet
1727 2450 2078 2513 rescindendi,

155 2536 458 2588 declarandi
519 2535 596 2586 ac'
641 2535 869 2587 faciendi
931 2536 1105 2587 irritas
1166 2535 1424 2587 solemnes
1473 2536 1841 2587 conventiones
1891 2535 2077 2603 (vulgo

159 2618 530 2690 Go‘nco‘rdata)
556 2638 708 2689 super
740 2638 840 2672 usu
867 2621 1075 2688 jurium
1112 2621 1185 2672 ad
1217 2620 1626 2672 ecclesiasticam
1665 2620 2065 2671 immunitatem

157 2706 546 2775 pertinentium
587 2724 711 2757 cum
750 2706 885 2758 Sede
921 2706 1231 2774 Apostolica
1263 2706 1445 2769 initas,
1471 2706 1583 2757 sine
1619 2704 1779 2774 hujus
1804 2723 2076 2768 consensu,

159 2792 327 2843 immo
351 2796 408 2842 et
433 2808 494 2842 ea
518 2791 856 2842 reclamante.

414 2891 552 2932 Alloc.
573 2892 629 2932 In
648 2892 912 2932 consistoriali
936 2893 954 2931 1
976 2890 1246 2942 Novembris,
1273 2892 1393 2932 1850.

416 2958 554 2999 Alloc.
576 2960 724 2998 Multis
738 2959 1002 3010 gravibusque
1022 2960 1071 3002 17
1090 2960 1350 3010 Decembris,
1375 2961 1494 3001 1860.

300 3065 498 3116 XLIV.
538 3064 724 3117 Civilis
748 3066 1038 3117 auctoritas
1062 3071 1239 3134 potest
1264 3083 1319 3118 se
1343 3068 1638 3119 immiscere
1662 3068 1815 3119 rebus
1840 3085 1972 3135 quae
2006 3070 2072 3119 ad

157 3150 487 3219 religionem,
511 3167 678 3201 mores
708 3154 764 3201 et
793 3150 1032 3219 regimen
1066 3151 1343 3218 spirituale
1367 3152 1652 3219 pertinent.
1728 3151 1872 3202 Hinc
1897 3157 2071 3219 potest.

157 3235 224 3286 de
262 3235 700 3285 instructionibus
730 3234 991 3302 judicare,
1031 3252 1160 3302 quas
1200 3235 1465 3286 Ecclesiae
1505 3240 1736 3303 pastores
1776 3237 1841 3287 ad
1876 3239 2074 3288 consci-

158 3320 423 3371 entiarum
447 3337 688 3370 normam
712 3336 806 3387 pro
832 3337 925 3371 suo
949 3337 1168 3371 munere
1201 3321 1386 3383 edunt,
1423 3321 1553 3388 quin
1591 3322 1756 3372 etiam
1793 3326 1968 3389 potest
2007 3324 2073 3373 de

158 3405 461 3456 divinorum
518 3410 965 3457 sacramentorum
1022 3407 1486 3459 administratione
1534 3411 1591 3457 et
1638 3407 2073 3475 dispositionibus

158 3490 228 3540 ad
253 3506 314 3541 ea
338 3490 671 3557 suscipienda
693 3492 997 3543 necessariis
1021 3492 1310 3543 decernere.

417 3593 554 3634 Alloc.
576 3595 631 3634 In
650 3596 913 3635 consistoriali
936 3598 955 3635 l
976 3594 1245 3645 Novembris,
1273 3594 1391 3635 1850.

419 3659 556 3701 Alloc.
578 3662 762 3701 Maxima
780 3663 935 3713 quidem
955 3664 979 3702 9
998 3661 1137 3709 Jum‘i,
1160 3662 1276 3702 1862.
