2534 4374
503 488 750 531 APPEND.
796 490 834 530 1.
920 489 1119 547 sucro.
1167 477 1427 541 ‘Qumis
1468 475 1658 534 cumi)
1910 478 2033 537 2⁶5

119 639 324 691 amoris
373 638 453 688 sui
502 637 728 687 vinculis
777 638 956 688 omnia
1004 638 1072 689 ad
1122 639 1351 707 seipsum
1402 641 1595 702 trahat,
1645 647 1810 708 utque
1861 659 2039 691 ounws

136 723 372 776 homines
410 722 739 773 sanctissimo
776 739 868 773 suo
906 739 1080 773 amore
1118 723 1437 774 inflammati
1477 726 1761 776 secundum
1789 725 1887 775 Cor
1914 727 2040 792 Ejus

121 808 410 862 -ambulent
447 807 609 876 digne
652 807 762 858 Deo
788 824 879 875 per
903 809 1082 859 omnia
1115 809 1401 875 placentes,
1435 811 1490 860 in
1530 812 1675 861 omni
1716 810 1850 861 bono
1889 829 2040 878 opere

134 893 528 947 fructificantes.
619 890 754 943 Cum
816 898 994 943 autem
1057 894 1169 944 sine
1230 894 1391 944 dubio
1451 895 1701 963 gratiores
1762 896 1871 945 sint
1937 896 2041 946 Deo

134 979 414 1032 hominum
447 993 642 1045 preceS,
675 977 719 1026 si
753 977 947 1027 animis
980 978 1047 1028 ab
1080 979 1226 1029 omni
1261 978 1377 1030 labe
1411 980 1555 1046 puris
1589 981 1654 1030 ad
1691 981 1865 1048 ipsum
1897 998 2041 1031 accc-

133 1066 286 1127 dant,
309 1063 504 1115 idcirco
534 1062 781 1113 caelestes
814 1062 1080 1114 Ecclesiae
1111 1063 1380 1115 thesauros
1414 1065 1793 1132 dispensationi
1820 1066 2040 1117 Nostrae

123 1149 440 1204 ‹commissos
485 1147 682 1199 Christi
722 1148 967 1199 fidelibus
1008 1148 1312 1216 Apostolica
1338 1149 1656 1201 liberalitate
1682 1167 1898 1201 reserare
1924 1167 2044 1200 cen-

136 1236 357 1298 suimus,
382 1239 446 1284 ut
469 1234 634 1283 iidem
660 1232 838 1284 fideles
863 1234 931 1284 ad
958 1250 1133 1285 veram
1164 1235 1420 1302 pietatem
1456 1236 1818 1287 vehementius
1843 1238 2041 1287 incensi

124 1338 200 1373 tac
223 1338 315 1390 per
340 1318 711 1371 Poenitentiae
747 1317 1148 1369 Sacramentum
1173 1336 1206 1369 a
1231 1326 1565 1387 peccatorum
1593 1321 1815 1371 maculis
1842 1322 2042 1389 expiati

134 1407 390 1458 fidentius
415 1421 533 1456 suas
558 1421 733 1472 preces
758 1404 825 1454 ad
863 1403 1038 1455 Deum
1076 1404 1372 1468 effundant,
1397 1406 1612 1473 ejusque
1638 1407 2044 1457 misericordiam

126 1499 197 1545 et
219 1492 449 1562 gratiam
475 1494 877 1558 consequantur.

283 1590 445 1642 Hisce
469 1589 639 1659 igitur
664 1589 884 1641 Litteris
909 1590 1229 1641 auctoritate
1258 1588 1448 1640 Nostra
1479 1590 1780 1657 Apostolica
1805 1592 2047 1642 omnibus

125 1683 198 1731 -et
220 1676 444 1745 singulis
486 1676 761 1743 utriusque
804 1691 956 1726 sexus
1001 1674 1250 1726 catholici
1295 1675 1432 1726 orbis
1472 1675 1713 1727 fidelibus
1752 1677 2047 1727 Plenariam

142 1762 543 1832 Indulgent-iam
568 1761 636 1812 ad
661 1760 829 1811 instar
853 1760 889 1812 J
891 1760 1089 1811 ubilaei
1116 1761 1450 1811 concedimus
1475 1762 1617 1812 intra
1653 1762 1810 1811 unius
1836 1767 2048 1812 tantum

137 1848 335 1900 mensis
360 1847 595 1916 spatium
637 1862 805 1914 usque
848 1846 916 1897 ad
957 1850 1136 1896 totum
1179 1845 1421 1896 futurum
1465 1863 1663 1897 annum
1703 1847 1838 1898 1865
1866 1853 1922 1897 et
1945 1864 2048 1898 non

140 1933 297 1998 ultra,
342 1949 374 1983 a
413 1932 593 1995 Vobis,
618 1930 958 1983 Venerabiles
1000 1930 1228 2001 Fratres,
1271 1931 1495 1999 aliisque
1534 1931 1792 2000 legitimis
1819 1932 2049 1983 locorum

139 2019 433 2072 Ordinariis
477 2018 838 2082 statuendum,
875 2015 1060 2069 eodem
1103 2033 1307 2084 prorsus
1350 2018 1507 2067 modo
1545 2022 1601 2067 et
1639 2018 1822 2081 forma,
1846 2036 1950 2085 qua
1985 2020 2053 2068 ab

140 2101 302 2153 initio
334 2101 566 2169 supremi
603 2100 786 2152 Nostri
824 2099 1178 2151 Pontificatus
1213 2100 1562 2150 concessimus
1598 2115 1687 2167 per
1726 2100 2054 2167 Apostolicas

142 2186 358 2239 Nostras
383 2186 614 2238 Litteras
647 2187 706 2237 in
736 2186 904 2236 forma
943 2185 1124 2236 Brevis
1148 2185 1234 2235 die
1260 2186 1331 2234 20
1355 2184 1550 2235 mensis
1576 2184 1889 2236 Novembris
1915 2202 2052 2235 anno

146 2273 285 2325 1846
325 2273 494 2335 dataS,
544 2275 600 2323 et
647 2271 716 2323 ad
767 2271 1072 2322 universum
1121 2270 1473 2339 episcopalem
1523 2276 1751 2322 vestrum
1802 2271 2051 2322 Ordinem

142 2358 345 2422 missas,
369 2374 592 2426 quarum
616 2356 839 2408 initium
865 2356 1112 2407 “Arcano
1138 2356 1365 2408 Divinae
1391 2357 1763 2408 Providentiae
1789 2358 2053 2420 consilio,'’

141 2450 201 2498 et
223 2462 348 2496 cum
373 2444 619 2496 omnibus
660 2443 860 2496 eisdem
904 2442 1271 2507 facultatibus,
1295 2460 1430 2511 quae
1469 2461 1560 2511 per
1599 2445 1739 2511 ipsas
1767 2444 1996 2494 Litteras
2021 2461 2054 2492 a

142 2531 311 2583 Nobis
349 2531 506 2582 datae
542 2530 774 2582 fuerunt.
849 2529 1108 2581 Volumus
1147 2534 1345 2592 tamen,
1371 2534 1434 2580 ut
1459 2547 1520 2581 ea
1555 2530 1735 2581 omnia
1769 2534 2053 2590 serventur,

143 2634 276 2686 quae
300 2617 359 2668 in
383 2616 809 2668 commemoratis
843 2615 1066 2668 Litteris
1103 2616 1425 2685 praescripta
1450 2621 1591 2679 sunt,
1617 2620 1673 2666 et
1698 2633 1759 2666 ea
1790 2616 2055 2682 excipian-

143 2708 250 2765 tur,
274 2719 410 2771 quae
434 2711 655 2770 excepta
681 2718 788 2753 esse
813 2701 1214 2754 declaravimus·
1285 2702 1461 2769 Atque
1486 2703 1542 2752 id
1569 2700 1924 2763 concedimus,
1949 2716 2052 2750 non

133 2788 477 2840 obstantibus
535 2788 593 2838 in
650 2787 972 2838 contrarium
1032 2787 1350 2838 facientibus
1408 2787 1843 2854 quibuscumque,
1891 2785 2053 2835 etiam

140 2872 359 2941 speciali
381 2878 437 2923 et
460 2873 740 2923 individua
764 2873 1037 2924 mentione
1062 2888 1123 2923 ac
1149 2873 1491 2941 derogatione
1516 2872 1708 2940 dignis·
1774 2870 1851 2921 Ut
1875 2876 2052 2920 autem

131 2959 315 3010 omnis
339 2957 608 3009 dubitatio
634 2962 690 3009 et
714 2957 999 3009 difficultas
1030 2962 1354 3020 amoveatur,
1379 2957 1683 3009 earumdem
1722 2955 2047 3007 Litterarum

136 3042 411 3111 exemplar
434 3043 501 3094 ad
526 3042 633 3094 Vos
658 3043 872 3111 perferri
890 3043 1170 3111 jussimus,

288 3146 321 3172 ‘⁶
333 3141 618 3209 Rogemus,
654 3141 990 3193 Venerabiles
1023 3141 1248 3204 Fratres,
1276 3142 1341 3193 de
1366 3141 1560 3192 intimo
1594 3141 1743 3192 corde
1766 3146 1822 3191 et
1848 3141 1913 3191 de
1939 3144 2052 3189 tota

144 3232 326 3279 mente·
367 3228 780 3279 misericordiam
821 3228 939 3292 Dei,
965 3229 1093 3296 quia
1119 3232 1175 3279 et
1199 3229 1311 3295 ipse
1351 3227 1560 3277 addidit
1603 3226 1805 3277 dicens:
1850 3225 2056 3275 Miseri-

132 3313 376 3363 cordiam
429 3315 610 3364 autem
659 3330 836 3364 meam
887 3330 994 3364 non
1043 3314 1343 3381 dispergam
1393 3313 1460 3363 ab
1509 3312 1599 3362 eiS.
1700 3310 1951 3361 Petamus
2001 3315 2056 3359 et

136 3397 490 3464 accipiemus3
531 3401 588 3447 et
626 3398 669 3448 si
712 3397 1011 3464 accipiendi
1051 3414 1196 3448 mora
1242 3402 1298 3448 et
1337 3396 1559 3447 tarditas
1600 3396 1776 3457 fuerit,
1804 3395 2052 3461 quoniam

145 3482 373 3550 graviter
416 3479 746 3546 offendimUS,
794 3482 1083 3550 pulsemuS,
1124 3483 1250 3550 quia
1298 3486 1354 3533 et
1403 3481 1638 3549 pulsanti
1683 3481 1963 3547 aperietur,
2010 3478 2052 3528 si

143 3567 301 3617 modo
349 3566 562 3634 pulsent
617 3568 816 3618 ostium
872 3585 1066 3636 preces,
1116 3567 1350 3635 gemitus
1407 3571 1461 3616 et
1523 3566 1782 3633 lacrymae
1832 3569 2055 3626 nostrae,

135 3651 336 3717 quibus
379 3652 619 3703 insistere
658 3656 713 3703 et
751 3653 1021 3704 immorari
1061 3656 1285 3720 oportet,
1312 3655 1368 3702 et
1406 3651 1450 3700 si
1489 3652 1559 3702 sit
1597 3650 1864 3701 unanimis
1889 3650 2056 3700 oratio
