2534 4374
632 461 711 506 nr:
753 462 926 507 omw
966 463 1251 509 commus
1294 466 1629 512 PROBANDO.
1957 451 2080 511 411

175 609 553 662 remotissimas
577 623 810 675 quasque
834 609 1073 677 regiones
1091 610 1321 662 adeundi
1341 611 1398 662 in
1425 628 1605 662 omnes
1626 611 1733 664 fere
1756 611 1896 663 orbis
1919 618 2096 679 partes

175 694 415 747 homines
439 692 776 761 divagentur,
800 692 1062 761 ejusmodi
1092 710 1311 746 casuum
1345 696 1639 748 multitudo
1663 697 1792 749 adeo
1818 698 2096 760 succrevit,

175 784 241 832 ut
264 778 679 847 frequentissimi
703 776 802 829 hae
827 777 895 830 de
917 795 973 829 re
997 778 1066 831 ad
1097 778 1411 847 Supremam
1447 782 1582 833 hanc
1618 780 2094 851 congregationem

176 863 467 916 habeantur
504 880 758 927 recursuS,
797 880 904 915 non
939 854 1050 916 sine
1083 882 1234 933 porro
1265 868 1500 935 partium
1528 869 1879 931 incommodO,
1905 868 2095 936 quibus

176 950 317 1002 inter
354 949 774 1013 informationes,
813 953 976 1017 atque
1019 950 1411 1016 instructioneS,
1451 970 1581 1021 quas
1620 970 1712 1021 pro
1755 971 1807 1004 re
1851 959 1996 1015 nata,
2032 958 2096 1003 ut

176 1037 347 1098 aiunt,
365 1035 498 1103 peti,
515 1035 771 1103 mittique
795 1023 1004 1087 necesse
1028 1040 1127 1099 est,
1145 1036 1439 1104 plurimum
1464 1038 1655 1090 defluit
1674 1039 1945 1107 temporie,
1964 1039 2094 1106 quin

176 1121 381 1190 possint
405 1122 474 1172 ad
498 1125 685 1189 optata
709 1124 836 1173 vota
860 1122 1151 1174 convolare.

322 1207 652 1275 Quapropter
672 1206 829 1259 Sacra
847 1209 1034 1260 eadem
1059 1206 1412 1279 Congregatio
1437 1210 1742 1278 hujusmodi
1767 1210 2098 1261 necessitati-

177 1293 275 1344 bus
289 1309 552 1344 ocourrere
563 1294 889 1362 percupienS,
902 1293 1165 1362 simulque
1175 1295 1499 1362 perpendens
1508 1296 1564 1345 in
1574 1295 1774 1346 dissitis
1789 1295 2095 1362 praesertim

176 1378 492 1430 missionum
542 1378 689 1442 lociS,
740 1378 1139 1431 Ecclesiasticos
1200 1380 1464 1447 praesides
1514 1380 1825 1448 opportunis
1873 1378 2095 1430 destitui

179 1465 445 1528 subsidiiS,
469 1465 662 1532 quibus
688 1482 753 1516 ex
778 1465 1028 1535 gravibus
1064 1464 1471 1517 difficultatibus
1508 1466 1762 1517 extricare
1788 1483 1843 1516 se
1867 1465 2096 1527 valeant,

175 1568 205 1602 e
227 1569 284 1603 re
306 1568 416 1603 esse
441 1552 667 1615 censuit,
682 1551 975 1603 uberiorem
1002 1552 1152 1603 edere
1178 1552 1611 1615 Instructionem,
1637 1552 1694 1603 in
1719 1569 1839 1619 qua,
1859 1553 1941 1614 iis,
1961 1567 2098 1618 quae

168 1639 286 1706 jam
330 1640 529 1690 tradita
572 1644 715 1703 sunt,
757 1640 907 1692 nullo
943 1645 1102 1709 pacto
1141 1641 1425 1710 abrogatis,
1468 1641 1681 1711 regulae
1723 1641 2099 1709 indigitentur,

176 1741 305 1792 quas
330 1725 389 1775 in
413 1725 675 1792 ejusmodi
700 1726 908 1777 casibus
933 1726 1063 1796 haec
1088 1727 1205 1794 ipsa
1231 1726 1285 1778 S.
1314 1725 1665 1795 Congregatio
1691 1726 1839 1794 sequi
1864 1725 2014 1787 solet,
2035 1730 2097 1775 ut

175 1809 390 1861 illarum
409 1828 525 1878 ope,
551 1811 636 1862 vel
662 1811 858 1879 absque
882 1813 1198 1863 necessitate
1235 1829 1473 1863 recursus
1516 1812 1585 1862 ad
1612 1811 1862 1863 Sanctam
1888 1809 2099 1872 Sedem,

177 1897 383 1964 possint
398 1896 609 1964 judicia
634 1897 776 1960 ferri,
802 1898 887 1948 vel
927 1902 1086 1957 certe,
1112 1898 1158 1948 si
1196 1898 1566 1948 recurrendum
1607 1896 1697 1959 sit,
1722 1900 1891 1946 status
1914 1912 2099 1962 quaes-

176 1982 339 2033 tionis
363 1983 443 2032 ita
468 1981 704 2034 dilucide
728 1970 1038 2051 exponatur,
1057 1987 1122 2033 ut
1139 1982 1389 2050 impediri
1413 1982 1639 2051 longiori
1663 1998 1808 2032 mora
1837 1981 2099 2031 sententia

175 2081 283 2118 non
307 2067 512 2119 debeat.
589 2067 798 2135 Itaque.

326 2162 372 2212 1.
424 2159 558 2212 Cum
584 2161 651 2211 de
675 2161 916 2230 conjugis
955 2164 1126 2211 morte
1169 2161 1411 2228 quaestio
1452 2160 1777 2221 instituitur,
1801 2159 2097 2209 notandum

177 2245 348 2312 primo
374 2245 507 2308 1000,
525 2246 667 2313 quod
692 2232 1069 2314 argumentum
1095 2262 1128 2296 a
1154 2245 1262 2296 sola
1286 2245 1456 2312 ipsius
1481 2244 1721 2295 absentia
1745 2247 2095 2310 quantacum-

176 2347 280 2398 que
306 2330 462 2396 (licet
485 2348 517 2383 a
551 2332 758 2400 legibus
797 2332 1045 2383 civilibus
1084 2332 1192 2383 fere
1233 2331 1433 2400 ubique
1473 2327 1816 2398 admittatur)
1856 2346 1889 2378 a
1929 2327 2099 2380 Sacris

178 2415 480 2468 Canonibus
521 2419 745 2469 minime
789 2418 1050 2469 sufficiens
1094 2418 1161 2468 ad
1197 2407 1405 2485 justam
1447 2416 1814 2484 probationem
1858 2414 2094 2465 habetur.

179 2502 336 2554 Unde
375 2520 447 2554 sa.
489 2497 592 2555 me.
633 2503 763 2568 Pius
802 2503 899 2554 VI.
925 2504 993 2555 ad
1030 2502 1501 2569 Archiepiscopum
1542 2500 1860 2570 Pragensem
1899 2501 1987 2550 die
2031 2501 2090 2549 11

175 2587 212 2639 J
213 2588 314 2638 ulii
343 2587 480 2641 1789
507 2589 789 2656 rescripsit,
816 2588 990 2639 solam-
1027 2588 1270 2657 conjugis
1310 2572 1629 2649 absentiam,
1655 2591 1813 2653 atque
1838 2587 2099 2636 omnimo-

176 2674 305 2726 dum
331 2674 569 2742 ejusdem
596 2675 872 2725 silentium
891 2671 1030 2725 satis
1054 2677 1462 2740 aryumentum
1485 2687 1604 2722 ‘non
1632 2687 1739 2722 esse
1764 2669 1840 2722 ad
1864 2674 2095 2721 ‘mortem

177 2758 668 2828 comprobandam,
692 2777 761 2811 ne
785 2764 906 2810 tum
930 2759 1149 2827 quidem
1175 2775 1299 2809 cum
1324 2758 1500 2808 edicto
1524 2758 1670 2826 regio
1695 2757 1808 2823 conj
1817 2774 1887 2806 ux
1913 2756 2096 2805 absens

175 2850 423 2897 evocatus
449 2845 723 2912 (idemque
741 2859 743 2863 ⁴
758 2861 909 2912 porro
952 2844 1239 2895 dicendum
1283 2847 1381 2905 est,
1407 2843 1451 2893 si
1475 2859 1568 2909 per
1591 2842 1827 2909 publicas
1853 2842 2098 2908 epheme-

175 2930 312 2981 rides
353 2930 412 2981 id
456 2931 660 2981 factum
706 2930 802 2995 sit)
848 2928 1061 2979 nullum
1101 2929 1299 2979 suimet
1338 2927 1598 2978 indicium
1637 2926 1858 2978 dederit.
1936 2922 2098 2989 Quod

176 3012 331 3066 enim
353 3031 473 3067 ‘non
497 3012 892 3085 comparuerit,
917 3015 1063 3065 idem
1088 3014 1169 3064 ait
1205 3005 1475 3082 Pontifex,
1499 3029 1619 3064 ‘non
1642 3010 1827 3079 mayis
1852 3026 2005 3063 ‘mors
2028 3008 2097 3061 ’ῖκη

175 3115 348 3151 causa
373 3116 481 3151 esse
497 3097 710 3169 potuit,
736 3115 910 3169 quam
935 3098 1053 3167 ejus
1079 3096 1454 3150 contumacia.

319 3188 371 3237 2.
422 3185 568 3236 Hinc
607 3186 676 3236 ad
717 3185 1102 3253 praescriptum
1146 3184 1451 3235 eorumdem
1495 3199 1758 3234 sacrorum
1803 3180 2096 3242 Canonum,

175 3272 555 3324 documentum
579 3271 953 3322 authenticum
978 3271 1156 3323 obitus
1180 3270 1431 3338 diligenti
1447 3269 1624 3320 studio
1651 3268 1854 3335 exquiri
1878 3268 2095 3318 omnino

175 3358 363 3417 debet3
405 3363 681 3409 exaratum
707 3357 912 3408 scilicet
953 3374 1017 3408 ex
1056 3357 1276 3425 regest-is
1296 3371 1299 3379 ·
1317 3356 1611 3417 Paroeciae‚
1637 3354 1721 3405 vel
1746 3353 2092 3414 Xenodochii,

176 3444 260 3495 vel
283 3444 533 3507 militiae,
556 3444 642 3495 vel
665 3444 850 3506 etiam,
875 3444 919 3494 si
944 3443 1125 3494 haberi
1149 3446 1381 3510 nequeat
1396 3441 1463 3491 ab
1482 3440 1802 3491 auctoritate
1827 3438 2095 3489 ecclesias-

175 3531 304 3592 tica,
322 3546 354 3579 a
379 3528 650 3580 Gubernio
675 3529 824 3579 civili
849 3528 953 3580 loci
978 3529 1038 3579 in
1062 3545 1185 3596 qu0‚
1202 3532 1267 3578 ut
1291 3526 1625 3595 supponitur,
1644 3540 1861 3592 persona
1885 3524 2091 3575 obierit.

322 3616 371 3665 3.
422 3613 581 3665 Porro
606 3614 923 3682 quandoque
946 3612 1045 3664 hoc
1082 3606 1465 3664 documentum
1506 3610 1685 3662 haberi
1724 3610 1943 3677 nequit;
1988 3625 2094 3675 quo

176 3716 300 3751 casu
325 3698 546 3750 testium
572 3698 989 3767 depositionibus
1026 3697 1381 3765 supplendum
1421 3696 1538 3747 erit.
1636 3694 1817 3747 Testes
1842 3711 1961 3746 vero
1986 3695 2093 3746 duo
