2534 4374
450 492 538 551 90
1032 507 1192 548 00Νο.
1238 506 1401 547 PRov.
1447 506 1667 548 wsser.
1712 508 1751 548 1.

593 657 762 705 Tanto
804 673 964 705 aveva
989 672 1020 705 a
1044 654 1386 722 parteciparle
1425 656 1481 704 in
1515 656 1799 722 proposito,
1824 673 1853 706 e
1877 654 2196 724 pregandole.
2219 671 2252 704 a
2275 654 2355 705 far

442 758 718 793 conoscere
744 741 795 791 ai
819 741 1038 790 Vescovi
1063 739 1111 789 d’
1137 739 1455 807 Inghilterra
1493 739 1540 789 le
1564 740 1783 806 risposte
1819 740 2102 803 anzfflette,
2127 755 2288 809 prego
2310 739 2355 791 il

449 826 669 894 Signore
695 824 789 875 che
814 825 892 874 La
917 825 1149 875 conservi
1174 824 1516 891 lungamente
1541 841 1569 874 e
1594 824 1672 874 La
1696 825 1944 891 prosperi.
2387 878 2391 885 ,

590 910 759 960 Roma
785 910 924 960 dalla
951 910 1294 978 Propaganda
1321 911 1352 958 3
1379 908 1682 972 Decembre,
1712 911 1866 962 1866.
2393 882 2408 961 l

698 994 767 1043 Di
793 994 855 1044 V.
885 993 939 1044 8.
2377 997 2384 1005 ’

1268 1065 1463 1116 Affmo.
1490 1082 1582 1132 per
1607 1066 1818 1116 servirla

1638 1152 1734 1202 AL.
1775 1152 1831 1203 C.
1871 1151 2148 1215 BARNABo,
2196 1149 2351 1221 Pref.

1626 1236 1692 1287 A.
1732 1235 1987 1302 CAPALTI,
2034 1235 2243 1306 Seqmzo.

447 1309 678 1378 Monsig.
707 1309 898 1359 Enrico
923 1308 1055 1359 Edo.
1081 1308 1362 1378 Manning,

700 1395 1038 1445 Arcivescovo
1063 1395 1118 1444 di
1143 1393 1531 1459 westminster,

1127 1479 1350 1531 Londra.

1347 1721 1454 1774 III.

780 1845 1286 1900 CONFIRMATIO
1349 1847 1428 1898 IN
1433 1847 1734 1899 DULGEN
1737 1847 2025 1900 TIARUM

519 1975 685 2023 OLIM
719 1975 797 2022 IN
831 1974 1088 2023 ANGLIA
1122 1973 1523 2033 VIGENTIUM,
1561 1975 1724 2022 OGTO
1761 1974 2078 2022 STATUTIS
2109 1974 2286 2027 ANNI

1184 2050 1624 2102 TEMPORIBUS.

447 2157 762 2209 Beatissime
786 2156 963 2217 Pater,

594 2240 820 2289 Thomas
894 2238 1082 2301 Grant,
1153 2238 1464 2289 Procurator
1534 2237 1864 2288 Vicariorum
1929 2238 2351 2306 Apostolicorum

447 2325 691 2394 Angliae,
727 2323 1027 2374 humillime
1064 2323 1329 2390 supplicat
1364 2328 1427 2373 ut
1461 2322 1514 2374 S.
1539 2323 1604 2374 V.
1629 2323 1857 2392 benigne
1892 2324 2142 2392 dignetur
2177 2324 2355 2374 indul-

452 2411 689 2479 gentiam
707 2410 997 2477 plenariam
1015 2426 1110 2476 pro
1128 2414 1247 2460 octo
1272 2426 1337 2459 ex
1360 2409 1740 2459 festivitatibus
1763 2409 2060 2476 praecipuis
2083 2408 2354 2477 hucusque

450 2496 798 2562 publicatam,
839 2498 1048 2545 attento
1087 2495 1228 2562 quod
1267 2493 1448 2544 fideles
1489 2494 1756 2544 occasione
1792 2493 2028 2560 ejusdem
2067 2495 2135 2545 ad
2172 2494 2353 2546 Sacra--

451 2585 632 2631 menta
667 2580 908 2631 accedere
945 2579 1161 2642 soleant,
1197 2579 1518 2642 confirmare,
1552 2579 1769 2630 servatis
1804 2580 2194 2631 conditionibus
2229 2596 2354 2630 con—

452 2667 635 2727 suetis,
677 2666 756 2715 ita
792 2665 934 2732 quod
977 2665 1239 2728 dubietaS,
1275 2682 1412 2732 quae
1447 2682 1511 2715 ex
1549 2665 1888 2734 abrogatione
1925 2664 2350 2727 ConstitutioniS,

453 2752 499 2801 A
501 2749 835 2819 postolicum
883 2748 951 2800 M
947 2747 1292 2813 &nister-mm,
1340 2750 1477 2800 circa
1536 2751 1769 2818 vigorem
1831 2750 2179 2817 singularium
2227 2767 2350 2799 con—

446 2837 763 2899 cessionum,
800 2840 896 2885 aut
931 2836 1164 2902 ipsarum
1201 2835 1460 2903 originem
1489 2835 1613 2886 oriri
1645 2839 1838 2902 posset,
1863 2835 2079 2886 omnino
2114 2835 2348 2887 tollatur.

450 2923 640 2983 Quare,
667 2927 766 2972 etc.

597 3006 678 3056 Ex
701 3007 972 3057 audientia
997 3006 1347 3069 Sanctissimi,
1371 3005 1555 3056 habita
1579 3005 1665 3056 die
1686 3005 1829 3055 xxix.
1856 3004 2023 3072 Sept„
2047 3017 2281 3058 MDCCOL.

598 3090 954 3142 Sanctissimis
990 3091 1233 3142 Dominis
1268 3091 1458 3142 Noster
1493 3090 1622 3141 Pius
1658 3090 1842 3141 divina
1874 3090 2214 3142 Providentia
2238 3090 2348 3143 ΡΡ.

456 3177 575 3238 ΙΧ.,
598 3176 851 3226 referente
887 3194 974 3227 me
1009 3177 1341 3243 infrascripto
1379 3174 1432 3227 S.
1460 3174 1517 3226 C.
1543 3175 1609 3225 de
1644 3175 1990 3244 Propaganda
2020 3175 2152 3226 Fide
2189 3193 2350 3227 secre-

451 3263 607 3323 tari0,
630 3263 835 3327 riteque
858 3262 1123 3328 perpensis
1142 3261 1387 3311 omnibus
1409 3268 1579 3310 rerum
1598 3260 1680 3327 adj
1689 3260 1880 3322 unctis,
1906 3259 2133 3327 benigne
2156 3262 2349 3312 annuit

454 3363 547 3412 pro
589 3347 758 3413 gratia
790 3345 949 3412 juxta
995 3347 1183 3414 petita,
1221 3345 1493 3397 contrariis
1540 3344 1956 3411 quibuscumque
1996 3344 2221 3397 minime
2257 3343 2350 3398 ob-

447 3430 733 3480 stantibus.

598 3514 800 3564 Datum
825 3514 1039 3578 Romae,
1064 3533 1127 3566 ex
1151 3515 1382 3566 Aedibus
1406 3514 1581 3565 dictae
1599 3512 1652 3564 8.
1671 3511 1727 3564 C.
1744 3513 1810 3564 de
1828 3513 2170 3583 Propaganda
2195 3515 2348 3579 Fide,

450 3599 544 3649 die
569 3607 623 3648 et
647 3616 784 3650 anno
808 3600 998 3666 quibus
1023 3617 1193 3666 supra.

599 3683 779 3734 Gratis
804 3683 996 3750 absque
1020 3683 1129 3733 ulla
1153 3683 1369 3733 omnino
1395 3683 1653 3734 solutione
1677 3699 2008 3749 quocumque
2033 3683 2210 3734 titulo.

1572 3779 1656 3831 Al.
1683 3779 1966 3842 BARNABo,
1987 3795 2025 3830 a
2047 3779 2274 3833 secretis.

707 3852 768 3902 L.
795 3850 865 3921 *¹⁴
891 3852 944 3904 S.
