2534 4374
1046 458 1322 501 DECRETA.
2077 436 2126 496 9

237 603 422 656 divina
470 602 641 656 officia
700 620 941 674 peragere
990 604 1174 656 diebus
1221 621 1313 673 per
1359 605 1681 674 episcopum,
1730 606 1946 657 ineunte
1995 622 2132 655 anno

239 688 595 756 designandis,
630 689 814 741 habita
843 690 1063 754 ratione,
1102 691 1146 742 si
1189 688 1302 742 fieri
1345 692 1528 759 possit,
1552 691 1876 742 solemnioris
1911 690 2133 758 alicujus

239 772 364 825 festi
402 773 461 824 in
502 774 685 826 eodem
727 791 903 826 mense
941 775 1243 839 incidentis,
1267 776 1506 827 canonici
1543 780 1838 827 teneantur.
1914 775 1992 825 Ea
2017 791 2135 825 vero

240 858 509 910 occasione
556 858 871 927 capitulares
918 865 1206 912 conventus
1253 859 1430 912 haberi
1479 865 1742 930 poterunt.
1842 858 2136 928 Episcopus

242 960 364 995 vero
411 944 690 1012 praefiniet
736 946 946 1014 quando
987 946 1129 1013 apud
1177 946 1353 1014 ipsum
1396 946 1468 997 sit
1514 949 1802 997 conventus
1850 944 2137 1005 habendus,

242 1031 546 1097 praesertim
587 1047 681 1099 pro
722 1031 951 1100 negotiis
993 1032 1130 1082 circa
1168 1047 1320 1099 quae,
1360 1047 1425 1083 ex
1467 1030 1521 1083 S.
1548 1029 1869 1093 Canonibus‚
1910 1027 2137 1097 capituli

244 1115 509 1166 sententia
546 1120 627 1167 est
661 1116 996 1183 exquirenda.
1070 1116 1321 1184 Episcopi
1356 1133 1476 1168 vero
1511 1133 1745 1167 assensus
1779 1115 2139 1177 obstinenduS,

243 1215 368 1251 cum
394 1200 802 1252 extraordinario
826 1202 1065 1252 canonici
1090 1202 1363 1253 convenire
1387 1202 1455 1253 ad
1480 1201 1778 1270 capitulum
1803 1200 1988 1253 velint.

390 1287 439 1337 9.
491 1285 656 1336 Nulla
701 1286 1191 1354 impraesentiarum
1240 1288 1342 1338 erit
1389 1286 1529 1338 inter
1576 1286 1851 1338 canonicos
1892 1285 2138 1336 ordinum

247 1369 542 1433 distinctio,
568 1388 659 1422 seu
683 1371 873 1422 divisio
896 1371 956 1421 in
979 1372 1302 1439 presbyteros
1327 1375 1383 1423 et
1406 1372 1668 1423 diaconos.

396 1458 476 1508 10.
530 1454 665 1507 Cum
703 1473 996 1526 congruum
1035 1457 1322 1509 admodum
1359 1458 1571 1521 existat,
1593 1462 1658 1510 nt
1681 1459 1775 1526 qui
1811 1459 1870 1509 in
1894 1454 2142 1508 ecclesiae

248 1545 511 1605 senatum,
546 1542 868 1594 consiliarios
893 1543 1142 1610 episcopi,
1179 1560 1239 1594 ac
1275 1544 1580 1611 praecipuos
1609 1544 1692 1612 adj
1700 1548 1874 1595 utores
1907 1542 1951 1610 ej
1959 1543 2142 1594 usdem

247 1643 343 1696 pro
390 1627 850 1680 administratione
910 1628 1200 1680 dioeceseos
1259 1633 1614 1691 assumuntur,
1667 1628 1858 1679 habitu
1917 1644 2145 1696 quoque,

249 1713 428 1781 aliqua
449 1714 671 1777 ratione,
690 1714 1087 1783 distinguantur
1103 1732 1118 1774 3
1142 1714 1401 1778 canonici,
1418 1731 1482 1765 ex
1500 1714 1826 1765 concessione
1842 1712 2145 1775 Pontificia‚

248 1799 397 1850 nulla
435 1799 577 1850 facta
614 1799 957 1850 distinctione
990 1799 1280 1851 dioeceseos
1305 1803 1400 1851 aut
1431 1800 1641 1868 gradus,
1666 1816 1822 1867 supra
1846 1798 2145 1866 supercelli-

250 1900 404 1936 ceum
428 1888 696 1936 assument
719 1888 1007 1935 mozettam
1030 1886 1171 1954 nigri
1194 1885 1379 1936 coloris
1401 1902 1507 1936 non
1530 1889 1711 1936 tamen
1737 1885 1971 1947 sericam,
1986 1901 2009 1952 J
2017 1888 2148 1934 uxta

251 1969 475 2022 formam
498 1971 566 2021 ab
590 1971 1007 2022 eminentissimo
1031 1971 1422 2039 archiepiscopo
1446 1971 1793 2040 designatam.

399 2056 481 2107 11.
533 2054 822 2107 Canonicos
863 2072 1002 2107 mere
1043 2056 1304 2120 titulareS,
1346 2055 1475 2120 sive,
1514 2059 1579 2106 ut
1620 2056 1791 2119 aiunt,
1832 2054 2149 2116 honorarioS,

252 2139 518 2211 designari
541 2141 892 2208 prohibemuS.

400 2228 482 2278 12.
534 2227 770 2277 Tandem
794 2230 978 2278 exacte
1014 2226 1273 2279 observari
1308 2226 1662 2295 praecipimus
1698 2229 1902 2278 statuta
1937 2226 2149 2294 capitu·

253 2311 403 2376 laria,
427 2327 563 2380 quae
586 2312 646 2363 in
668 2311 768 2364 hac
793 2310 1004 2382 Synodo
1028 2312 1167 2364 lecta
1191 2316 1247 2364 et
1270 2312 1560 2382 approbata
1583 2314 1724 2363 sunt.

912 2558 1317 2613 DECRETUM
1364 2559 1498 2612 XII.

543 2714 628 2770 Dc
661 2713 831 2768 Modo
869 2713 1300 2769 commendamdi
1334 2713 1413 2768 ad
1452 2712 1873 2786 Episcopatum

408 2864 467 2918 Si
515 2866 584 2918 ob
631 2863 1104 2933 praeeminentiam
1151 2880 1257 2931 qua
1303 2862 1525 2930 pollent,
1571 2878 1634 2914 ac
1682 2859 1915 2913 officium
1954 2878 2059 2930 quo
2096 2863 2156 2913 in

210 2961 216 2966 ’
264 2950 493 3005 dioecesi
517 2952 830 3020 funguntur,
855 2950 1094 3001 canonici
1129 2949 1234 2999 toti
1271 2948 1406 2999 clero
1442 2948 1583 2998 vitae
1618 2946 1909 3009 honestate,
1938 2947 2158 3014 pietate,

266 3037 522 3100 doctrina,
553 3053 616 3087 ac
639 3036 750 3086 zelo
785 3034 1109 3103 praefulgere
1133 3033 1377 3096 debeant,
1411 3035 1612 3099 quanto
1643 3031 1813 3100 magis
1855 3031 1993 3100 ipsos
2034 3048 2158 3082 con-

266 3125 417 3176 venit
462 3123 609 3174 omni
655 3121 919 3172 virtutum
966 3135 1155 3188 genere
1202 3135 1309 3169 esse
1370 3121 1595 3179 ornatos,
1654 3116 1845 3183 quibus
1898 3116 2157 3184 competit

269 3207 655 3277 quodammodo
711 3206 888 3272 ipsum
935 3204 1170 3272 regimen
1218 3201 1487 3252 Ecclesiae
1533 3204 1740 3268 pastore
1788 3200 2051 3263 viduatae,
2101 3206 2159 3251 et

267 3311 462 3346 munus
485 3296 624 3343 certe
648 3290 971 3358 praeclarum
1007 3306 1039 3339 a
1076 3287 1129 3339 S.
1157 3286 1291 3338 Sede
1315 3286 1690 3355 benignissime
1714 3302 2031 3348 concessum,
2054 3285 2158 3352 ipsi

268 3377 692 3438 commendandi,
720 3392 851 3443 (11103
883 3374 950 3425 ad
983 3390 1113 3424 onus
1157 3371 1447 3440 episcopale
1490 3371 1649 3439 digne
1691 3370 2066 3437 promovendos
2100 3371 2159 3420 in

268 3465 498 3517 Domino
536 3462 853 3513 censuerint.
926 3459 1028 3510 Pro
1067 3475 1171 3526 quo
1215 3462 1327 3507 tam
1369 3456 1567 3524 insigni
1610 3454 1881 3516 benefici0‚
1914 3454 2051 3505 clero
2091 3453 2159 3505 ad

269 3550 472 3598 nostras
495 3560 669 3612 preces
694 3543 903 3604 collat0,
927 3558 1020 3591 nos
1045 3541 1102 3590 in
1127 3540 1224 3589 hac
1250 3537 1460 3606 Synodo
1484 3537 1786 3604 congregati
1818 3535 2160 3587 Sanctissimo

269 3631 499 3684 Domino
521 3630 712 3681 Nostro
732 3629 831 3679 Pio
851 3627 950 3678 IX.
970 3625 1270 3676 humillime
1289 3641 1350 3674 ac
1368 3622 1701 3674 devotissime
1725 3623 1919 3691 gratias
1943 3622 2162 3673 redden-

272 3717 365 3769 das
402 3716 662 3776 volumuS,
697 3714 756 3763 in
792 3710 1015 3779 epistola
1048 3726 1183 3777 quae
1218 3709 1386 3777 ipsius
1421 3707 1634 3759 concilii
1671 3706 2006 3774 provincialis
2040 3714 2163 3757 acta

270 3801 631 3854 comitabitur.
