2534 4374
447 374 573 432 394
759 436 761 442 s
1235 392 1476 436 ADm'no
1523 394 1578 435 v.

436 540 799 610 Impostoglisi
825 541 940 592 cioe
964 541 1022 592 di
1048 541 1225 592 binare
1249 541 1416 591 anche
1441 558 1532 608 per
1556 543 1738 593 ordine
1763 544 1901 595 della
1928 543 2353 615 congregazione

436 625 695 693 generale,
719 626 797 694 gli
823 627 867 676 si
894 626 1254 694 soggiungeva
1276 644 1289 675 ι
1345 630 1378 656 “
1397 626 1465 678 Se
1490 627 1580 694 poi
1606 627 1709 678 ella
1734 628 1998 680 domanda
2022 630 2212 698 perche
2248 630 2354 682 alla

438 714 471 740 “
490 710 684 761 facolta
707 711 765 761 di
789 711 940 761 binar
963 711 1017 761 la
1040 711 1216 762 Messa
1240 711 1380 762 nella
1406 712 1625 762 formola
1649 711 1772 763 dell’
1797 713 2010 764 indulto
2036 714 2181 766 sieno
2205 700 2365 767 unite

439 799 472 824 “
488 795 663 862 quelle
705 795 931 846 clausole
973 796 1032 847 di
1070 797 1260 864 rigore,
1298 796 1401 848 ella
1441 799 1644 849 trovera
1678 798 1820 849 nella
1857 798 2077 850 formola
2113 805 2275 852 stessa
2309 800 2363 851 la

439 885 472 909 “
488 880 729 947 risposta,
773 881 1098 944 osservando,
1136 881 1233 932 che
1270 881 1518 934 l’indulto
1554 900 1661 935 non
1699 884 1744 934 si
1776 885 2030 954 restringe
2064 885 2118 936 ai
2154 885 2359 953 bisogni

440 970 474 994 “
490 965 577 1016 del
601 964 792 1032 popolo
829 964 911 1015 ne’
936 966 1109 1034 giorni
1147 966 1344 1031 festivi,
1383 984 1475 1018 ma
1515 969 1730 1019 essendo
1773 969 1832 1019 in
1872 969 2094 1020 termini
2130 969 2365 1039 generali

443 1054 474 1079 “
492 1051 807 1117 comprende
832 1067 1021 1102 ancora
1052 1051 1132 1119 gli
1169 1051 1295 1103 altri
1333 1054 1440 1104 casi
1477 1054 1536 1103 in
1571 1055 1866 1121 questione,
1892 1071 2038 1105 come
2074 1054 2286 1106 sarebbe
2321 1053 2365 1105 il

441 1139 474 1164 “
493 1135 714 1204 bisogno
751 1135 809 1186 di
845 1136 1234 1188 amministrare
1271 1137 1313 1187 il
1350 1137 1548 1189 viatico
1573 1139 1685 1208 agli
1709 1139 1922 1190 infermi
1947 1139 2007 1189 in
2030 1139 2288 1190 ambedue
2311 1138 2369 1190 le

441 1225 475 1249 “
490 1220 810 1288 parroechie,
835 1223 902 1272 ed
926 1223 985 1272 in
1010 1224 1184 1290 questi
1209 1222 1334 1275 altri
1360 1225 1467 1274 casi
1493 1225 1522 1275 ὲ
1547 1225 1682 1276 dove
1706 1224 1946 1276 debbono
1970 1241 2093 1276 aver
2116 1223 2276 1292 luogo
2312 1224 2368 1276 16

441 1311 474 1335 “
490 1307 699 1358 cautele‘
719 1307 1044 1375 prescritte.”

588 1394 672 1442 12.
723 1391 827 1443 Ora
850 1396 1090 1459 appunto
1115 1409 1206 1460 qer
1230 1394 1406 1461 questi
1439 1394 1547 1445 casi
1585 1411 1742 1445 meno
1767 1395 1910 1445 ovvii
1935 1395 1982 1446 si
2006 1411 2132 1446 sono
2159 1393 2358 1445 trovati

445 1493 550 1527 non
577 1477 634 1527 di
659 1477 785 1528 rado
809 1477 1149 1527 imbarazzati
1175 1478 1196 1527 i
1221 1478 1443 1530 Vescovi
1469 1479 1535 1530 ed
1561 1479 1581 1528 i
1606 1479 1929 1530 Missionarii
1954 1478 2077 1530 nell’
2102 1496 2197 1530 uso
2223 1479 2365 1530 della

450 1562 664 1625 facolta‚
703 1562 999 1613 dubitando
1037 1563 1481 1630 principalmente
1520 1564 1660 1615 della
1699 1563 1996 1615 sufficienza
2035 1564 2171 1616 delle
2210 1581 2370 1615 cause

447 1649 544 1699 che
568 1649 614 1699 si
639 1647 1004 1699 richiedessero
1029 1666 1061 1699 a
1086 1649 1309 1700 seconda
1333 1649 1468 1700 delle
1502 1649 1726 1700 clausole
1763 1650 1861 1700 che
1884 1648 2369 1719 l'accompagnano.

443 1734 645 1784 D’altro
670 1734 781 1785 lato
806 1735 949 1784 tanti
975 1751 1100 1785 sono
1126 1752 1155 1785 e
1181 1737 1225 1785 si
1246 1734 1532 1786 >differenti
1569 1735 1590 1784 i
1615 1734 1722 1784 casi
1747 1735 1842 1784 che
1866 1751 2087 1802 possono
2112 1735 2356 1786 avvenire

444 1840 506 1873 311
548 1825 735 1890 questa
778 1823 1004 1872 materia
1046 1822 1183 1873 nelle
1232 1822 1499 1884 Missioni,
1549 1822 1618 1872 da
1667 1837 1775 1872 non
1817 1822 2016 1889 potersi
2058 1821 2370 1873 facilmente

443 1906 722 1976 prevedere
757 1923 787 1956 6
809 1906 981 1957 -molto
1021 1923 1177 1956 meno
1215 1907 1414 1957 ridurre
1452 1923 1485 1956 a
1526 1906 1880 1956 determinate
1916 1905 2109 1975 regole,
2133 1906 2372 1974 potendo

446 1994 644 2043 variare
669 1991 711 2040 il
735 1991 972 2059 giudizio
997 1992 1079 2042 sui
1115 1991 1396 2042 medesimi
1436 1991 1658 2041 secondo
1697 1991 1746 2040 16
1771 1991 1912 2041 varie
1937 1991 2253 2042 circostanze
2277 1990 2364 2041 dei

444 2078 630 2146 luoghi
656 2077 744 2127 dei
768 2076 940 2144 tempi
964 2093 993 2126 e
1018 2075 1156 2126 delle
1180 2092 1413 2143 persone,
1451 2076 1548 2126 che
1587 2077 1644 2126 in
1685 2076 1785 2126 essi
1824 2093 2152 2128 concortano.
2225 2075 2372 2126 Ecco

444 2163 633 2231 perche
658 2162 711 2211 la
736 2161 1003 2212 soluzione
1028 2161 1114 2211 dei
1140 2160 1442 2227 particolari
1468 2160 1635 2211 dubbi
1671 2160 1767 2210 che
1791 2161 1849 2210 in
1874 2161 2143 2228 proposito
2169 2162 2212 2211 si
2239 2177 2366 2211 sono

445 2246 706 2309 avanzati,
750 2245 795 2296 si
840 2246 869 2296 6
912 2262 1004 2313 per
1046 2245 1098 2295 16
1140 2245 1236 2313 piu
1282 2244 1498 2295 rimessa
1547 2244 1600 2295 al
1639 2244 1784 2295 savio
1826 2245 2235 2296 discernimento
2277 2244 2365 2296 del

447 2334 708 2402 superiore
735 2331 874 2382 della
898 2331 1171 2382 Missione.
1783 2321 1785 2326 ’

594 2419 679 2468 13.
729 2417 776 2466 Ε
803 2417 1080 2484 dapprima
1106 2417 1151 2468 si
1177 2418 1207 2468 6
1224 2417 1321 2485 piu
1339 2416 1484 2468 volte
1498 2416 1701 2466 chiesta
1719 2432 1827 2466 una
1845 2415 2024 2484 regola
2043 2415 2124 2468 sul
2142 2432 2362 2467 numero

445 2503 710 2556 bastevole
736 2503 823 2553 dei
849 2501 1027 2569 fedeli,
1052 2502 1244 2569 perche
1269 2502 1314 2553 si
1332 2518 1484 2569 possa
1503 2502 1694 2552 iterare
1714 2500 1767 2551 13
1785 2518 1972 2552 1116333.
2045 2500 2099 2551 N
2100 2500 2203 2551 ella
2221 2499 2366 2552 Cost.

446 2587 836 2660 Apostolicwm
868 2586 937 2638 M
933 2585 1263 2639 {misterium
1300 2604 1394 2655 per
1430 2585 1788 2655 l'Inghilterra
1827 2587 1871 2637 si
1910 2587 2029 2637 dice
2066 2587 2261 2654 potersi
2285 2586 2369 2636 far

447 2693 542 2727 uso
590 2674 730 2725 della
778 2673 976 2724 facolta
1042 2677 1210 2723 “cum
1260 2689 1442 2724 eorum
1483 2688 1735 2722 numerus
1783 2670 1877 2738 qui
1925 2671 2110 2725 diebus
2160 2671 2364 2722 festivis

449 2763 742 2811 “tenentur
779 2757 937 2809 sacris
975 2757 1233 2820 assistere,
1272 2757 1438 2808 talem
1476 2756 1723 2807 exhibeat
1761 2756 2146 2819 necessitatem,
2171 2760 2235 2806 ut
2257 2755 2362 2806 nisi

449 2845 655 2896 “alicui
706 2843 977 2894 Sacerdoti
1025 2843 1155 2893 duas
1197 2842 1388 2892 Missas
1430 2842 1615 2892 eodem
1658 2841 1747 2891 die
1788 2840 2087 2891 celebrandi
2128 2845 2362 2908 potestas

449 2937 482 2962 “
492 2930 824 2991 concedatur,
835 2927 1103 2978 Ecclesiae
1119 2928 1372 2978 mandato
1380 2925 1577 2995 plures
1593 2943 1699 2976 non
1717 2924 2125 2976 satisfacerent.’'
2165 2924 2366 2986 Questo

448 3016 658 3068 criterio
682 3013 926 3083 generale
950 3013 1075 3080 pero
1099 3029 1207 3062 non
1231 3012 1398 3080 toglie
1437 3012 1563 3080 ogni
1589 3010 1788 3061 dubbio
1813 3010 1895 3060 sul
1919 3027 2136 3062 numero
2161 3011 2258 3061 che
2283 3010 2361 3062 sia

448 3101 734 3152 necessario
758 3098 863 3148 alla
887 3098 1180 3148 binazione.
1255 3096 1333 3147 Lo
1374 3100 1534 3147 stesso
1574 3097 1681 3163 pub
1723 3095 1851 3146 dirsi
1892 3095 1950 3145 di
1990 3112 2098 3146 una
2137 3096 2360 3162 risposta

445 3187 696 3256 negativa
720 3183 806 3234 del
832 3182 886 3234 S.
907 3181 1098 3234 Uffizio
1122 3182 1211 3232 nel
1241 3182 1375 3233 1688
1397 3182 1465 3231 ad
1484 3182 1659 3231 alcuni
1679 3180 2004 3231 Missionarii
2026 3179 2350 3247 Cappuccini

447 3271 587 3322 della
629 3268 836 3320 Grecia.
932 3267 1146 3319 Aveano
1188 3267 1287 3317 essi
1330 3266 1672 3318 dimandato:
1723 3269 1948 3316 “utrum
1989 3264 2354 3315 Missionarius

449 3355 742 3406 “Sacerdos
766 3353 903 3404 solus
926 3353 986 3403 in
1009 3352 1124 3403 loco
1162 3351 1356 3420 degens
1395 3352 1525 3402 duas
1563 3350 1752 3400 Missas
1786 3349 1970 3401 diebus
1996 3349 2277 3400 dominicis
2300 3352 2356 3399 et

451 3439 697 3490 “festivis
743 3455 838 3504 pro
886 3437 1191 3505 quindecim
1230 3452 1338 3489 ¹seu>
1390 3435 1587 3504 viginti
1641 3435 1890 3501 personiS,
1939 3451 2072 3502 quae
2118 3433 2362 3502 legitime

449 3525 784 3592 “impeditae
798 3525 1001 3592 primae
1014 3523 1212 3573 Missae
1225 3522 1402 3572 adesse
1416 3537 1523 3570 non
1538 3519 1837 3581 valuerunt,
1857 3518 2110 3569 celebrare
2129 3518 2296 3585 possit
2307 3535 2321 3578 3
2331 3517 2363 3541 ”

451 3628 481 3661 6
504 3610 558 3660 13
584 3609 840 3677 Suprema
864 3608 917 3658 ai
942 3609 1009 3657 28
1040 3605 1211 3658 Genu.
1238 3605 1377 3656 dello
1421 3608 1583 3655 stesso
1625 3619 1777 3653 anno.
1805 3602 2015 3653 decreto
2041 3618 2160 3654 ‘no‘n
2186 3599 2360 3653 licere.
