2534 4374
537 501 780 544 APPEND.
829 503 888 544 11.
975 503 1262 547 sumnus
1309 506 1600 549 sanonum.
1895 496 2017 551 :369

103 648 448 718 probaverit:
486 653 544 697 at
573 647 907 716 philosophia
942 665 1113 717 neque
1151 657 1344 719 potest,
1380 670 1549 721 neque
1586 654 1741 705 debet
1780 656 1875 706 ulli
1917 676 2023 708 sese

120 733 431 786 submittere
455 733 781 784 auctoritati.

379 828 516 881 Epist.
532 828 586 869 ad
605 829 803 882 Archiep,
828 830 1012 884 Frising.
1038 833 1304 873 Gravinn'mas
1327 837 1371 875 11
1396 834 1652 886 Decembris,
1675 839 1791 877 1862.

309 952 315 958 .
379 895 517 949 Epist.
538 895 592 936 ad
610 896 801 938 eumdem
827 899 929 938 Tuas
948 899 1110 940 libenter
1130 903 1177 941 21
1200 900 1456 953 Decembris,
1483 905 1597 944 1863.

267 998 368 1049 ΧΙ.
406 997 643 1048 Ecclesia
668 1015 772 1049 non
800 999 970 1050 solum
995 1017 1099 1051 non
1126 1002 1283 1053 debet
1304 1004 1357 1053 in
1386 1003 1771 1072 philosophiam
1793 1022 2024 1073 unquam

112 1084 556 1146 animadvertere,
594 1100 774 1135 verum
814 1085 978 1135 etiam
1015 1086 1171 1138 debet
1209 1089 1373 1155 ipsius
1410 1089 1767 1157 philosophiae
1811 1090 2027 1141 tolerare

124 1184 331 1229 erroreS‚
357 1166 509 1234 eique
533 1166 825 1234 relinquere
850 1173 914 1217 ut
939 1168 1052 1235 ipsa
1078 1186 1130 1219 se
1156 1172 1400 1238 corrigat.

380 1264 518 1318 Epist.
540 1264 594 1305 ad
611 1265 809 1319 Archiep.
831 1265 1018 1318 Frising.
1045 1268 1309 1307 Gravissima
1331 1270 1375 1308 11
1400 1269 1656 1320 Decembris,
1680 1272 1794 1311 1862.

267 1367 399 1418 XII.
437 1365 771 1435 Apostolicae
827 1365 976 1417 Sedis
1033 1366 1492 1436 Romanarumque
1548 1369 2024 1439 Congregationum

113 1453 335 1506 decreta
356 1452 583 1503 liberum
608 1451 861 1502 scientiae
884 1469 1214 1519 progressum
1241 1453 1557 1520 impediunt.

380 1550 519 1603 Epist.
540 1548 594 1589 ad
612 1548 810 1601 Archiep.
833 1548 1018 1600 Frising.
1048 1550 1151 1589 Tuas
1170 1549 1334 1590 libente»-
1353 1552 1400 1590 21
1424 1550 1680 1602 Decembris,
1707 1554 1822 1594 1863.

186 1654 190 1659 ’
269 1653 431 1704 ΧΙΙΙ.
468 1651 755 1704 Methodus
781 1656 837 1703 et
861 1652 1140 1719 principia,
1165 1652 1355 1719 quibus
1379 1653 1588 1720 antiqui
1613 1654 1859 1706 Doctores
1883 1655 2027 1707 scho-

127 1739 299 1791 lastici
341 1737 683 1808 Theologiam
724 1738 1082 1801 excoluerunt,
1127 1742 1425 1805 temporum
1468 1744 1760 1789 nostrorum
1808 1741 2029 1791 necessi-

126 1825 327 1877 tatibus
353 1824 794 1891 scientiarumque
819 1824 1110 1891 progressui
1138 1823 1360 1874 minime
1386 1830 1698 1893 congruunt.

382 1916 518 1970 Epist.
538 1916 594 1957 ad
610 1916 808 1969 Archiep.
830 1916 1016 1969 Frising.
1043 1918 1147 1957 Tuas
1167 1917 1328 1957 libenter
1348 1919 1395 1957 21
1418 1917 1675 1967 Decembris,
1701 1920 1815 1959 1863.

267 2017 420 2068 XIV.
458 2018 801 2086 Philosophia
839 2017 1115 2068 tractanda
1155 2020 1251 2080 est,
1282 2017 1429 2068 nulla
1463 2018 1866 2085 supernaturalis
1890 2037 2030 2071 reve·

125 2103 341 2155 lationis
365 2103 549 2155 habita
572 2104 793 2155 ratione.

382 2201 520 2255 Epist.
541 2200 596 2241 ad
613 2200 812 2253 Archiep.
836 2200 1023 2253 Frising.
1051 2201 1155 2241 Tuas
1175 2200 1339 2240 libenter
1357 2202 1405 2251 21
1429 2200 1685 2249 Decembris,
1709 2203 1825 2242 1863.

269 2308 386 2362 ΝΒ.
462 2296 597 2362 Cum
645 2309 995 2360 rationalismi
1056 2313 1342 2378 systemate
1403 2308 1683 2360 cohaerent
1743 2311 2029 2362 maximam

125 2401 332 2464 partem
374 2412 564 2447 errores
606 2395 827 2446 Antonii
873 2394 1131 2458 Giinther,
1165 2395 1257 2463 qui
1301 2395 1618 2446 damnantur
1660 2396 1714 2446 in
1755 2396 1925 2463 Epist.
1965 2399 2031 2448 ad

116 2481 279 2535 eard.
304 2481 545 2548 Archiep.
573 2478 938 2531 Coloniensem
963 2477 1256 2531 Eaei‘miam
1287 2484 1465 2542 tuam,
1500 2481 1563 2530 15
1600 2478 1750 2530 Junii
1791 2483 1943 2544 1857,
1977 2490 2032 2532 et

129 2568 186 2618 in
228 2566 399 2635 Epist.
430 2566 498 2617 ad
528 2564 705 2633 Episc.
731 2564 1214 2616 wratislaviensem
1246 2562 1443 2616 Dolore
1472 2561 1628 2616 haud
1655 2562 1937 2630 mediocri,
1963 2569 2032 2617 30

128 2651 325 2719 Aprilis
354 2651 508 2703 1860.

1003 2784 1028 2847 ξ
1052 2778 1162 2835 III.

510 2903 1044 2980 Indifferentismus,
1081 2909 1651 2964 Latitud‘e‘marz’smua

274 3025 392 3092 XV.
431 3040 681 3092 Liberum
706 3042 897 3108 cuique
921 3040 1127 3090 homini
1152 3044 1232 3091 est
1258 3057 1374 3091 eam
1415 3041 1668 3108 amplecti
1702 3057 1762 3091 ac
1802 3042 2032 3108 profiteri

127 3128 454 3198 religionem,
477 3145 635 3196 quam
663 3129 881 3179 rationis
905 3127 1109 3179 lumine
1134 3129 1255 3196 quis
1280 3129 1472 3180 ductus
1498 3146 1672 3180 veram
1699 3132 1981 3196 putaverit.

389 3224 496 3266 Litt.
518 3225 667 3276 Apost.
690 3227 936 3275 Multiplices
956 3227 1062 3265 inter
1084 3228 1131 3265 10
1150 3225 1179 3265 J
1181 3225 1286 3275 unii,
1315 3227 1431 3265 1851.

387 3291 523 3331 Alloc.
545 3292 730 3331 Maxima
748 3292 902 3342 quidem
922 3293 945 3331 9
965 3291 1102 3342 Junii,
1129 3293 1245 3332 1862.

272 3395 422 3446 XVI.
460 3394 717 3446 Homines
752 3395 808 3446 in
854 3395 1085 3463 cujusvis
1128 3394 1396 3463 religionis
1433 3394 1583 3444 cultu
1621 3394 1762 3444 viam
1798 3399 2035 3445 aeternae

118 3479 318 3530 salutis
342 3480 563 3548 reperire
587 3484 962 3548 aeternamque
988 3480 1215 3531 salutem
1241 3480 1443 3547 assequi
1469 3484 1704 3546 possunt.

387 3576 525 3629 Epist.
547 3576 708 3629 encycl.
736 3577 812 3623 Qui
825 3577 1012 3626 pluribus
1032 3580 1055 3616 9
1075 3575 1342 3624 Novembris,
1367 3577 1484 3615 1846.

388 3642 523 3683 Alloc.
556 3642 629 3682 Ubi
641 3643 821 3692 primum
844 3644 891 3686 17
912 3641 1169 3693 Decembris,
1198 3643 1315 3685 1847.

389 3704 524 3758 Epist.
548 3705 707 3759 encycl.
734 3705 942 3758 Sinqulari
962 3707 1124 3757 quadem
1146 3707 1193 3748 17
1218 3705 1379 3754 Martii,
1407 3706 1522 3745 1866.
