2534 4374
578 468 822 510 APPEND.
867 468 930 510 11.
1018 467 1310 512 sumnus
1350 470 1649 513 canotum.
1939 455 2062 516 275

306 617 398 669 LI.
450 617 624 668 Immo
674 617 871 668 laicum
929 618 1247 686 gubernium
1298 619 1457 670 habet
1504 621 1596 688 jus
1657 621 1951 688 deponendi
2001 622 2068 673 ab

164 703 412 757 exercitio
456 703 731 770 pastoralis
770 703 1054 754 ministerii
1096 706 1382 773 episcopOS,
1408 723 1577 774 neque
1618 712 1827 757 tenetur
1861 706 2068 756 obedire

164 788 401 840 Romano
450 788 702 839 Pontifici
751 789 809 838 in
858 790 925 839 iis
973 806 1108 856 quae
1158 791 1561 858 episcopatuum
1605 797 1659 842 et
1704 792 2065 859 episcoporum

164 874 454 942 respiciunt
479 874 891 927 institutionem.

420 969 514 1011 Litt
531 970 680 1022 Apost.
702 972 949 1021 Multiplices
968 972 1074 1011 inter
1096 974 1143 1012 10
1162 971 1191 1011 J
1194 972 1301 1023 um’i,
1329 974 1447 1015 1861.

419 1036 555 1077 Alloc.
578 1037 886 1078 Ambissimum
905 1038 955 1080 27
976 1036 1246 1090 Septembris,
1273 1040 1389 1080 1852.

306 1139 430 1191 LII.
482 1138 812 1191 Gubernium
861 1143 1039 1207 potest
1087 1157 1179 1190 suo
1220 1141 1342 1209 jure
1393 1140 1680 1192 immutare
1728 1148 1959 1192 aetatem
2003 1142 2070 1191 ab

165 1225 401 1276 Ecclesia
424 1224 799 1292 praescriptam
825 1241 919 1291 pro
943 1225 1187 1294 religiosa
1211 1230 1325 1276 tam
1350 1226 1633 1277 mulierum
1654 1244 1812 1294 quam
1839 1228 2065 1277 virorum

163 1312 495 1381 professione,
520 1310 868 1378 omnibusque
906 1310 1165 1378 religiosis
1191 1310 1414 1361 familiis
1439 1312 1687 1374 indicere,
1713 1318 1777 1362 ut
1800 1313 2067 1362 neminem

164 1398 277 1448 sine
301 1413 394 1447 suo
418 1396 675 1464 permissu
699 1395 768 1446 ad
793 1395 1050 1446 solemnia
1074 1399 1198 1445 vota
1223 1397 1582 1463 nuncupanda
1606 1397 1915 1448 admittant.

419 1493 556 1533 Alloc.
578 1494 794 1543 Nunquam
802 1491 896 1542 fore
918 1492 964 1530 15
984 1490 1243 1542 Decembris,
1271 1493 1372 1531 1856
1385 1522 1395 1532 .

307 1598 464 1649 LIII.
513 1596 855 1666 Abrogandae
889 1598 1015 1646 sunt
1046 1594 1189 1663 leges
1226 1612 1360 1663 quae
1386 1596 1453 1646 ad
1478 1596 1842 1665 religiosarum
1869 1597 2065 1647 famili-

163 1701 313 1735 arum
362 1687 565 1734 statum
614 1681 921 1743 tutandum,
958 1696 1242 1747 earumque
1282 1680 1405 1747 jura
1453 1685 1508 1731 et
1558 1680 1728 1731 officia
1776 1682 2068 1750 pertinent3

164 1771 330 1820 immo
369 1772 545 1836 potest
583 1766 741 1817 civile
778 1765 1099 1833 gubernium
1133 1765 1199 1815 iis
1233 1765 1480 1816 omnibus
1505 1767 1766 1817 auxilium
1791 1773 2068 1835 praestare,

164 1855 259 1923 qui
300 1871 332 1904 a
374 1856 615 1920 suscepto
657 1851 931 1919 religiosae
975 1851 1115 1900 vitae
1159 1851 1411 1900 instituto
1455 1851 1675 1902 deficere
1718 1869 1777 1902 ac
1819 1852 2070 1902 solemnia

165 1944 288 1992 vota
311 1940 547 2008 frangere
572 1938 767 1999 velint3
793 1938 1093 2005 pariterque
1116 1939 1295 2003 potest
1312 1936 1581 2005 religiosas
1608 1938 1816 1987 easdem
1842 1937 2071 1987 familias

163 2026 378 2095 perinde
402 2041 463 2074 ac
488 2023 794 2092 collegiatas
819 2021 1063 2073 ecclesias
1089 2025 1145 2071 et
1168 2020 1425 2094 beneficia
1463 2021 1726 2089 simplicia
1751 2022 1916 2072 etiam
1932 2022 2069 2089 juris

164 2113 474 2179 patronatus
497 2108 713 2176 penitus
736 2109 1064 2176 extinguere,
1090 2106 1409 2175 illorumque
1433 2107 1570 2158 bona
1593 2111 1650 2157 et
1672 2107 1873 2158 reditus
1899 2107 2069 2157 civilis

164 2195 444 2265 potestatis
468 2193 923 2245 administrationi
949 2196 1005 2243 et
1028 2192 1246 2243 arbitrio
1273 2192 1529 2260 subjicere
1553 2195 1611 2243 et
1634 2192 1917 2243 vindicare.

421 2291 558 2331 Alloc.
580 2289 889 2330 Acerbissimum
909 2288 960 2330 27
980 2287 1253 2341 Septembris,
1275 2288 1394 2328 1852.

420 2358 558 2398 Alloc.
579 2356 703 2397 Probe
721 2356 977 2396 memineritis
997 2357 1048 2395 22
1066 2353 1278 2405 Januarii,
1305 2354 1422 2395 1855.

421 2423 559 2465 Alloc.
585 2425 680 2464 Cum
698 2435 810 2473 saepe
828 2424 879 2462 26
898 2420 1023 2474 Julii,
1048 2422 1166 2462 1855.

305 2527 448 2578 LIV.
498 2526 667 2596 Reges
701 2527 757 2576 et
785 2523 1057 2592 Principes
1090 2540 1198 2574 non
1234 2524 1405 2575 solum
1429 2524 1497 2575 ab
1523 2523 1787 2575 Ecclesiae
1815 2525 2066 2593 jurisdic-

165 2615 310 2666 tione
351 2613 673 2675 eximuntur,
715 2627 898 2662 verum
942 2610 1107 2660 etiam
1148 2610 1209 2660 in
1250 2609 1647 2677 quaestionibus
1677 2609 2066 2677 jurisdictionis

164 2699 471 2752 dirimendis
496 2697 782 2766 superiores
806 2699 933 2748 sunt
956 2694 1209 2746 Ecclesia.

421 2796 527 2837 Litt.
548 2797 699 2849 Apost.
720 2797 968 2845 Multiplices
987 2796 1092 2835 inter
1114 2796 1161 2834 10
1180 2793 1319 2843 Junji,
1342 2794 1460 2834 1851.

308 2898 417 2951 LV.
467 2899 704 2950 Ecclesia
728 2915 760 2949 a
786 2897 965 2962 Statu,
989 2897 1176 2949 Status
1200 2896 1268 2948 ab
1293 2896 1529 2947 Ecclesia
1554 2896 1623 2964 sej
1631 2897 1909 2965 ungendus
1932 2901 2031 2950 est.

418 2995 554 3036 Alloc.
576 2995 885 3036 Acerbissimum
904 2995 954 3038 27
975 2993 1247 3047 Septembris,
1272 2994 1390 3034 1852.

1025 3154 1050 3221 §
1088 3130 1217 3205 V'II.

460 3282 689 3335 Ero-ores
726 3280 792 3333 de
827 3279 1025 3332 Ethioa
1060 3276 1320 3332 naturali
1357 3283 1407 3331 et
1443 3277 1769 3330 choatiam.

309 3410 451 3460 LVI.
500 3410 714 3461 Morum
750 3410 893 3479 leges
930 3409 1111 3459 divina
1147 3400 1290 3457 haud
1316 3409 1476 3473 egent
1501 3405 1788 3468 sanctione,
1815 3406 2061 3457 minime-

164 3511 266 3563 que
290 3511 420 3562 opus
443 3498 524 3545 est
547 3499 611 3545 ut
634 3494 897 3546 humanae
921 3493 1062 3562 leges
1095 3492 1162 3542 ad
1200 3495 1419 3542 naturae
1434 3490 1527 3558 jus
1551 3490 1941 3541 conformentur
1964 3495 2057 3541 aut

165 3580 439 3649 obligandi
462 3581 574 3631 vim
598 3597 630 3631 a
653 3579 764 3631 Deo
788 3579 1071 3647 accipiant.

422 3676 557 3718 Alloc.
580 3678 760 3717 Maxima
778 3678 931 3729 quidem
951 3678 975 3716 9
993 3674 1129 3724 Junii,
1152 3675 1269 3716 1862.
