2534 4374
949 492 1193 535 APPEND.
1244 494 1282 535 1.
1922 478 2039 539 143

837 658 1238 712 DECRETUM
1291 661 1389 713 IX.

921 767 1059 822 Alia
1089 768 1296 839 Officia.

299 884 453 936 Idem
479 882 573 936 SS.
593 883 659 934 D.
677 883 745 935 N.
761 884 1074 952 approbavit,
1099 902 1252 936 usum
1278 885 1570 938 celebrandi
1597 888 1693 938 sub
1718 888 1823 939 ritu
1850 888 2051 956 duplici

154 971 355 1023 festum
381 968 434 1021 S.
460 968 728 1020 Martinae
755 971 824 1019 30
848 969 881 1020 J
885 985 1084 1033 anuar„
1109 970 1163 1021 S.
1190 970 1392 1022 Mariae
1416 971 1761 1041 Magdalenae
1786 973 1850 1023 de
1878 973 2055 1023 Pazzis

94 1051 114 1076 ⁹
158 1058 193 1107 3
216 1055 389 1119 Junfi,
414 1059 471 1105 et
496 1053 550 1106 S.
578 1053 821 1123 Gregorii
864 1054 1249 1125 Thaumaturgi
1276 1058 1341 1108 27
1369 1056 1679 1109 Novembris
1704 1076 1793 1127 per
1819 1058 2055 1126 Rescrip-

159 1147 279 1193 tum
305 1155 444 1191 anno
474 1140 612 1190 1850
636 1139 840 1190 datum.

850 1312 1254 1367 DECRETUM
1310 1316 1379 1368 X.

247 1428 330 1484 De
356 1424 989 1482 Commemorationibus
1015 1424 1072 1479 S.
1104 1425 1336 1480 Thomae
1361 1428 1439 1480 Μ.
1468 1435 1513 1481 et
1540 1428 1596 1483 S.
1627 1428 1846 1498 Georqii
1872 1430 1969 1494 M„

901 1509 970 1563 ‘im
997 1509 1320 1581 Suffrayiia

463 1647 550 1703 PF„
579 1647 613 1676 S.
636 1645 800 1684 ΤΗΟΜΔ,
824 1645 1165 1674 ARCHIBPISCOPO
1189 1646 1517 1685 CANTUARIBNSI,
1538 1647 1758 1677 mm

304 1747 399 1801 Ad
433 1746 697 1816 Vespera&
723 1748 771 1795 et
796 1741 1034 1795 Laudes.
1036 1740 1347 1812 —Antipla
1387 1743 1502 1813 Ego
1527 1761 1645 1795 sum
1671 1744 1855 1796 Pastor
1879 1745 2061 1808 bonus,

161 1841 220 1889 et
243 1850 496 1906 cognosco
521 1848 641 1883 oves
660 1848 821 1893 meas,
840 1834 896 1880 et
920 1833 1245 1899 cognoscunt
1268 1845 1353 1879 me
1372 1845 1537 1892 meae,
1556 1834 1612 1880 et
1635 1830 1870 1881 animam
1888 1846 2059 1881 meam

164 1939 301 1992 pono
324 1937 418 1990 pro
442 1917 629 1970 ovibus
652 1916 803 1967 meiS.

304 2011 366 2061 Y.
417 2007 485 2057 In
508 2004 772 2074 patientia
796 2006 984 2053 vestra.

306 2098 367 2145 R.
418 2090 764 2142 Possidebitis
800 2088 1005 2138 animas
1031 2091 1242 2138 vestraS.

311 2174 519 2232 Oratio,
560 2176 703 2227 Deus
727 2191 821 2243 pro
846 2173 997 2241 cujus
1023 2173 1307 2236 Ecclesiae,
1330 2177 1396 2224 ut
1420 2171 1489 2225 ‘bn
1510 2169 1822 2240 Breviario,
1844 2174 1912 2224 29
1936 2172 2062 2224 Dec.

808 2332 894 2361 1220
924 2332 958 2361 s.
981 2298 1186 2370 ammio,
1208 2331 1429 2360 mnu.

309 2420 405 2475 Ad
475 2420 740 2488 Vesperas
802 2420 851 2468 et
909 2413 1458 2484 Laudes.—Antiph.
1533 2414 1715 2467 Sancti
1765 2431 1857 2483 per
1905 2414 2064 2466 fidem

170 2511 409 2562 vicerunt,
457 2523 635 2576 regna,
684 2503 887 2572 operati
949 2506 1075 2552 sunt
1126 2501 1418 2570 justitiam,
1479 2500 1658 2569 adepti
1721 2506 1847 2551 sunt
1892 2516 2062 2568 repro-

171 2595 459 2648 missioneS.

310 2684 371 2734 Y.
421 2678 586 2731 Scuto
610 2677 780 2728 bonae
804 2673 1097 2725 voluntatis
1120 2676 1261 2724 tuae.

311 2772 371 2819 R.
424 2761 697 2816 coronasti
722 2776 863 2822 eum,
887 2757 1134 2809 Domine.

314 2846 525 2904 Oratio.
575 2846 713 2898 Beus
737 2845 831 2912 qui
854 2860 949 2895 nos
972 2842 1135 2905 beati,
1158 2845 1225 2892 ut
1248 2838 1317 2891 in
1340 2838 1515 2903 Brev„
1541 2843 1609 2891 23
1633 2840 1758 2909 Apr.

972 2988 1280 3040 Decretum.

317 3109 453 3163 Cum
471 3103 953 3158 Reverendissimus
971 3100 1468 3152 Northantoniensis
1483 3100 1771 3169 Episcopus
1792 3100 2066 3152 Sanctissi-

172 3214 324 3251 mum
370 3193 663 3245 Dominum
723 3188 978 3239 Nostrum
1027 3187 1189 3237 Pium
1239 3186 1339 3238 IX.
1391 3187 1706 3238 Pontificem
1767 3187 2063 3237 Maximum

173 3282 381 3353 rogavit
401 3280 572 3342 enixe,
590 3281 655 3327 ut
678 3292 772 3344 pro
790 3291 882 3325 suo
907 3273 1044 3325 clero
1061 3273 1345 3340 approbare
1369 3273 1673 3339 dignaretur
1697 3272 2067 3339 suprascriptas

173 3366 492 3434 antiphonas
527 3362 762 3431 proprias
798 3376 922 3410 cum
961 3359 1069 3409 suis
1106 3357 1372 3407 versiculis
1397 3363 1453 3407 et
1488 3356 1820 3424 responsoriis
1844 3357 2065 3417 recitari,

175 3455 305 3506 dum
329 3452 469 3502 inter
494 3447 741 3514 suffragia
778 3443 1091 3495 Sanctorum
1129 3442 1186 3492 in
1225 3440 1411 3492 Officio
1453 3441 1761 3509 apponenda
1803 3447 1883 3491 est,
1926 3458 2067 3491 com-

175 3535 487 3590 memoratio
523 3538 660 3584 *tum
710 3530 894 3582 Sancti
942 3529 1193 3590 Thomae‚
1240 3526 1625 3594 Archiepiscopi
1683 3524 2067 3577 cantuariensis

178 3622 445 3691 Martyris,
468 3618 737 3687 praecipui
779 3614 1029 3666 dioecesis
1066 3629 1188 3663 suae
1213 3611 1447 3673 Patroni,
1472 3617 1589 3661 tum
1626 3610 1808 3662 Sancti
1835 3611 2066 3681 Georgii,

181 3708 448 3776 Martyris,
473 3703 691 3755 Patroni
715 3701 882 3768 regni,
898 3705 961 3750 ut
985 3703 1042 3749 et
1064 3698 1253 3748 iisdem
1280 3696 1487 3747 Sanctis
1512 3697 1783 3764 specialior
1806 3699 2068 3749 tribuatur

176 3793 372 3856 cultus,
398 3794 454 3842 et
477 3789 712 3841 confusio
737 3787 1016 3847 devitetur,
1041 3784 1170 3834 dum
1194 3782 1330 3833 aliae
1353 3783 1867 3834 commemorationes
1891 3801 2067 3835 occur-
