2534 4374
606 424 855 468 consm.
903 415 940 442 ‘⁴
960 425 1240 470 nouimus
1284 410 1680 471 PONrmlcEs.”
1960 409 2082 477 347

182 574 348 634 verat,
372 572 587 637 repente
611 568 827 637 penitus
851 568 1158 621 aboleretur.
1226 570 1309 621 Ad
1334 571 1428 622 has
1453 577 1725 640 propterea
1750 571 2091 624 difficultates

180 656 492 709 avertendas
528 659 585 706 et
620 655 996 706 controversias
1027 655 1284 707 finiendas
1320 657 1546 724 Angliae
1579 658 1848 726 Episcopi,
1873 676 1965 726 pro
2000 676 2091 709 sua

181 741 241 793 in
266 741 402 792 hanc
425 739 784 808 Apostolicam
812 738 1003 791 Sedem
1028 740 1377 805 observantia,
1402 742 1511 793 Nos
1535 743 1709 795 adiere
1741 750 2002 813 roganteS,
2027 750 2092 795 ut

179 842 425 895 suprema
448 824 764 876 auctoritate
788 823 982 875 Nostra
1005 824 1394 876 dirimerentur.

327 924 436 975 Nos
474 923 706 975 vicissim
746 922 890 973 haud
926 927 1141 991 gravate
1176 940 1292 974 eam
1323 926 1735 992 postulationem
1771 929 2091 995 excepimuS,

181 1015 301 1063 tum
326 1010 452 1078 quia
474 1008 709 1060 nobilem
741 1007 892 1059 illam
921 1008 1195 1059 nationem
1224 1025 1331 1059 non
1365 1011 1567 1062 minore
1599 1029 1758 1080 quam
1789 1011 2092 1063 Decessores

183 1096 365 1149 Nostri
413 1094 782 1146 benevolentia
830 1093 1249 1161 complectimur,
1289 1098 1408 1146 tum
1452 1098 1578 1164 quia
1626 1097 1761 1147 nihil
1805 1096 1970 1148 Nobis
2013 1103 2093 1146 est

180 1182 472 1250 antiquiuS,
498 1198 661 1249 quam
685 1185 751 1231 ut
774 1180 997 1231 sublatis
1021 1180 1229 1231 dissidii
1254 1182 1423 1232 causis
1453 1183 1658 1233 stabilis
1691 1183 1887 1250 ubique
1911 1182 2094 1250 vigeat

181 1271 374 1321 mutua
397 1284 521 1318 cum
545 1265 768 1317 caritate
792 1264 1084 1316 concordia.
1158 1264 1274 1325 Quo
1310 1267 1519 1335 gravius
1543 1273 1724 1318 autem
1750 1272 1803 1318 et
1829 1269 2038 1317 cautius
2062 1284 2094 1316 a

182 1354 350 1408 Nobis
365 1353 632 1423 judicatio
655 1352 822 1415 fieret,
847 1368 954 1402 non
978 1351 1137 1403 modo
1169 1351 1237 1402 iis
1270 1369 1404 1419 quae
1436 1352 1577 1403 ultro
1607 1353 1843 1420 citroque
1868 1353 2096 1402 adduce-

181 1440 376 1493 bantur
397 1439 607 1507 juribus
640 1442 697 1489 et
728 1436 1137 1488 auctoritatibus
1176 1436 1463 1506 diligenter
1504 1438 1745 1487 animum
1788 1438 2093 1506 adjecimuS,

185 1526 275 1579 sed
314 1524 479 1575 etiam
519 1522 840 1574 sententiam
879 1522 1275 1590 perrogavimus
1320 1520 1756 1590 Congregationis
1800 1524 2097 1591 specialiter

178 1613 468 1685 deputatae
492 1609 700 1678 aliquot
726 1608 779 1660 S.
806 1607 871 1660 R.
893 1609 957 1660 E.
979 1607 1340 1660 Cardinalium
1366 1626 1395 1658 e
1421 1609 1625 1659 duobus
1651 1611 1806 1660 sacris
1833 1608 2096 1671 Consiliis,

180 1714 408 1767 quorum
445 1695 671 1746 alterum
710 1694 1094 1764 Episcoporum
1137 1698 1194 1745 et
1236 1693 1581 1760 Regularium
1618 1696 1846 1763 negotiis
1883 1695 2098 1762 expedi-

176 1784 332 1839 endis
356 1786 578 1850 praeest,
597 1781 827 1832 alterum
853 1780 1139 1832 christiano
1163 1780 1371 1831 nomini
1396 1782 1750 1849 propagando.
1796 1781 1872 1830 Hi
1891 1782 2098 1831 cunctis

183 1874 428 1922 accurate
450 1868 734 1936 exploratis
758 1884 895 1934 quae
921 1867 978 1918 in
1003 1867 1438 1918 deliberationem
1460 1868 1735 1930 cadebant,
1754 1873 1810 1918 et
1829 1869 2095 1918 rationum

183 1956 487 2020 momentis,
555 1971 688 2022 quae
757 1953 1110 2005 afferebantur
1177 1955 1444 2022 utrinque,
1505 1955 1747 2023 religiose
1814 1956 2098 2023 perpensiS,

182 2042 410 2095 fideliter
457 2040 624 2091 Nobis
673 2044 1027 2107 exposuerunt
1074 2039 1206 2107 quid
1255 2042 1473 2107 aequius
1522 2041 1710 2091 melius
1759 2041 1826 2091 de
1875 2041 2099 2108 singulis

177 2126 580 2196 quaestionibus
616 2125 1004 2175 decernendum
1038 2125 1140 2176 sibi
1173 2126 1441 2177 videretur
1479 2128 1535 2177 in
1577 2127 1821 2177 Domino,
1895 2126 2097 2176 Audito

184 2213 368 2280 itaque
427 2216 840 2262 memoratorum
903 2209 1266 2261 Cardinalium
1327 2211 1562 2274 consilio,
1618 2228 1877 2278 causaque
1938 2212 2098 2279 probe

179 2298 416 2368 cognita,
478 2312 781 2363 supremum
833 2295 1104 2362 judicium
1164 2295 1422 2346 Nostrum
1483 2297 1547 2346 de
1608 2298 1972 2347 controversiis
2036 2314 2098 2348 ac

184 2383 607 2453 dubitationibus
650 2398 784 2449 quae
827 2382 1124 2448 propositae
1166 2385 1293 2433 sunt
1334 2399 1427 2449 per
1469 2382 1604 2432 hanc
1645 2381 2097 2433 Constitutionem

182 2464 608 2537 pronunciamus·

327 2566 617 2633 Multiplex
650 2565 776 2616 licet
812 2567 1059 2634 varieque
1087 2567 1322 2635 implexa
1356 2568 1427 2618 sit
1461 2569 1726 2635 congeries
1759 2586 1928 2618 rerum
1962 2584 2097 2635 quae

182 2655 242 2704 in
281 2652 720 2719 disceptationem
763 2657 1037 2715 vocantur,
1072 2670 1253 2704 omnes
1292 2658 1474 2703 tamen
1511 2654 1578 2703 ad
1617 2655 1720 2703 tria
1760 2654 2097 2720 potissimum

185 2738 365 2805 capita
404 2737 678 2787 commode
720 2737 889 2804 redigi
932 2754 1079 2804 posse
1120 2738 1456 2801 arbitramur,
1495 2755 1718 2805 quorum
1762 2738 1989 2788 alterum
2029 2740 2096 2789 ad

186 2821 510 2874 familiarum
558 2821 922 2890 religiosarum
973 2823 1365 2890 exemptionem
1414 2824 1648 2890 pertinet
1697 2824 1764 2873 ab
1812 2824 2094 2891 episcopali

177 2909 583 2978 jurisdictione3
634 2909 862 2959 alterum
912 2909 1210 2960 ministeria
1256 2910 1490 2975 respicit,
1529 2925 1663 2975 quae
1702 2925 1734 2958 a
1772 2909 2098 2972 regularibus

186 2994 527 3046 missionariis
576 2999 913 3055 exercentur3
962 2995 1183 3045 tertium
1232 2996 1564 3062 quaestiones
1612 2995 1985 3062 complectitur
2033 2996 2098 3045 de

187 3079 339 3131 bonis
362 3078 743 3146 temporalibus
768 3079 939 3147 deque
964 3097 1064 3130 usu
1087 3081 1147 3130 in
1170 3097 1329 3147 quem
1354 3080 1450 3130 illa
1475 3085 1715 3147 oporteat·
1739 3081 1989 3131 converti.

331 3178 415 3228 Ad
439 3178 760 3246 regularium
785 3179 1178 3245 exemptionem
1204 3179 1346 3245 quod
1375 3181 1591 3241 attinet,
1618 3185 1758 3230 certa
1794 3184 1847 3229 et
1886 3181 2100 3246 cognita

187 3267 314 3314 sunt
337 3264 578 3314 canonici
595 3264 732 3332 juris
757 3265 1092 3331 praescripta.
1168 3261 1386 3314 Scilicet
1410 3265 1654 3331 quamvis
1672 3266 1728 3315 in
1747 3265 2100 3315 ecclesiastica

186 3348 496 3411 hierarchia,
532 3366 665 3416 quae
709 3356 790 3400 est
832 3346 1034 3400 divina
1073 3346 1429 3400 ordinatione
1470 3350 1780 3411 constituta,
1813 3351 2099 3416 presbyteri

189 3438 245 3484 et
298 3434 532 3484 ministri
594 3435 702 3485 sint
762 3435 1028 3485 inferiores
1090 3434 1384 3501 Episcopis,
1433 3433 1720 3500 horumque
1782 3435 2100 3485 auctoritate

188 3519 495 3587 regantur3l
560 3523 742 3570 tamen
790 3537 896 3587 quo
946 3518 1135 3570 melius
1184 3519 1243 3568 in
1292 3519 1549 3587 religiosis
1598 3519 1869 3569 ordinibus
1919 3521 2098 3570 omnia

605 3668 623 3691 ²
645 3670 806 3711 Concil.
830 3669 947 3709 Trid.
970 3683 1066 3710 sess.
1090 3672 1153 3719 23,
1175 3672 1221 3709 de
1239 3682 1403 3709 sacram.
1427 3671 1509 3709 ord.
1534 3682 1625 3709 can.
1650 3670 1687 3712 7.
