2534 4374
623 1063 669 1116 I.

592 1149 670 1201 II.

563 1233 673 1286 III.

577 1318 672 1369 IV.

606 1402 672 1454 V.

577 1486 674 1539 VI.

550 1571 674 1622 VII.

516 1655 675 1708 VIII.

575 1741 676 1792 IX.

603 1826 674 1878 X.

568 1910 670 1961 XI.

539 2079 670 2130 XII.

506 2165 668 2216 XIII.

520 2250 670 2300 XIV.

553 2334 671 2384 XV.

520 2418 671 2471 XVI.

492 2503 672 2554 XVII.

460 2588 673 2639 XVIII.

522 2673 676 2723 XIX.

551 2758 675 2808 XX.

516 2842 674 2893 XXI.

487 2926 657 2976 XXII

466 2964 680 3062 XXIII.

472 3095 675 3146 XXIV.

508 3180 679 3230 XXV.

478 3263 680 3314 XXVI.

447 3347 681 3397 XXVII.

405 3431 682 3482 XXVIII.

477 3515 683 3565 XXIX.

977 465 1139 509 OONO.
1185 464 1352 506 PROV.
1400 463 1620 506 WESTM.
1665 463 1706 505 1.

1154 698 1346 749 ELEN
1353 696 1543 749 CHUS

837 821 1243 874 GOUNCILII
1308 819 1849 880 DEORETORUM,

986 936 1087 971 mm
1122 935 1322 969 muno
1355 934 1712 968 Anncunomm.

717 1062 798 1116 De
821 1059 1126 1131 aperienda
1150 1058 1389 1128 Synodo.
1464 1061 1733 1112 Articulus
1767 1061 1976 1116 unicus.

717 1139 798 1199 De
825 1146 892 1197 M
889 1144 1077 1198 ethodo
1113 1144 1284 1197 Vitae.
1357 1145 1470 1196 Art.
1495 1146 1699 1198 unicus.

721 1231 801 1284 De
824 1248 944 1283 ‘non
967 1228 1433 1298 Praejudicando.
1508 1229 1621 1282 Art.
1648 1230 1853 1283 unicuS.

721 1317 801 1369 De
826 1313 1163 1384 Officialibus
1189 1312 1424 1382 Synochl.
1497 1315 1611 1367 Art.
1635 1316 1842 1370 unicus.

719 1400 801 1454 De
834 1417 954 1452 'aon
976 1397 1331 1452 Discedendo.
1405 1399 1520 1452 Art.
1547 1401 1753 1453 unicus.

723 1487 804 1539 De
828 1484 966 1538 Fide
994 1483 1323 1538 orthodoxa.
1396 1484 1626 1536 Articuli
1649 1490 1772 1538 tres.

722 1570 803 1623 De
826 1569 1013 1623 Modis
1037 1568 1238 1622 tuendi
1260 1567 1474 1622 Fidem.
1549 1570 1664 1622 Art.
1690 1572 1941 1639 quinque.

723 1655 803 1708 De
826 1654 1176 1724 Professione
1199 1652 1364 1706 Fidei
1387 1651 1703 1708 emittenda.
1776 1655 1891 1707 Art.
1915 1654 2120 1708 unicus.

725 1741 804 1793 De
827 1739 1168 1793 Hierarchia
1191 1737 1588 1792 Ecclesiastica.
1660 1740 1772 1792 Art.
1800 1740 2007 1792 unicuS.

721 1824 801 1877 De
827 1823 1108 1895 Capitulis
1135 1822 1567 1878 Gathecbralibus.
1642 1825 1757 1876 Art.
1783 1824 2079 1876 duodecim.

718 1910 798 1962 De
846 1909 914 1960 M
911 1908 1015 1962 odo
1063 1907 1494 1963 commendandi
1540 1907 1618 1961 ad
1665 1907 2091 1979 Episcopatwm.
2182 1906 2296 1960 Art.

793 1995 1045 2063 quinque.

719 2078 799 2131 De
823 2077 1118 2146 Reyv‘smisne
1154 2077 1516 2132 Missitmum.
1589 2078 1705 2131 Art.
1730 2095 1837 2130 sex.

717 2164 798 2216 De
831 2162 1075 2216 Vicariis
1101 2162 1475 2216 Generalibus.
1548 2163 1663 2215 Art.
1688 2166 1909 2230 septem.

720 2249 799 2300 De
825 2246 1203 2302 Sacramentis
1226 2247 1295 2300 in
1315 2265 1523 2316 ρατιονε.
1595 2248 1710 2300 Art.
1735 2248 1986 2318 quinque·

720 2333 800 2385 De
823 2332 1132 2403 Baptisma
1205 2334 1320 2386 Art.
1354 2335 1551 2385 decem.

719 2418 798 2471 De
824 2416 1271 2486 Confirmatione.
1344 2419 1458 2470 Art.
1483 2419 1734 2487 quinque.

722 2503 802 2555 De
825 2502 1204 2556 Eucharistia.
1277 2504 1393 2555 Art.
1416 2503 1633 2573 viginti.

721 2587 800 2639 De
833 2586 1195 2640 Poenite‘ntia.
1267 2589 1381 2641 Art.
1407 2594 1545 2640 oct0.

726 2671 804 2724 De
827 2673 1090 2725 Eoetre‘ma
1122 2671 1404 2726 Unctione.
1475 2674 1590 2725 Art.
1617 2673 1866 2745 quinque.

723 2757 803 2809 De
828 2756 1053 2810 ordene.
1126 2759 1240 2810 Art.
1267 2776 1371 2811 sex.

722 2842 801 2894 De
825 2842 891 2893 M
890 2841 1208 2896 ammonio.
1283 2844 1398 2895 Art.
1421 2860 1629 2896 novem.

721 2926 802 2978 De
823 2925 1141 2996 Praeceptis
1164 2926 1450 2981 Ecclesiae.
1522 2929 1637 2980 Art.
1662 2927 1914 2996 quinque.

729 3010 809 3063 De
842 3009 971 3063 Vita
994 3016 1043 3063 et
1065 3012 1361 3065 Honestate
1387 3011 1743 3066 Olericorwm.
1814 3013 1929 3063 Art.
1954 3006 2247 3062 duodecim.

723 3093 803 3146 De
826 3093 1145 3147 Rea-toribus
1170 3095 1541 3149 ecclesiarum.
1613 3097 1727 3148 Art.
1751 3093 2166 3164 quatuordecim.

728 3178 807 3231 De
833 3177 1103 3246 Colleyiis.
1176 3181 1290 3233 Art.
1315 3182 1564 3249 quinque.

728 3263 809 3314 De
830 3262 1131 3330 Reyularib
1140 3281 1219 3316 as.
1291 3266 1406 3317 Art.
1431 3267 1679 3333 quinque.

728 3345 809 3398 De
833 3344 1386 3400 Sanctimonialibas.
1461 3349 1575 3399 Art.
1601 3349 1849 3416 quinque.

730 3430 810 3482 De
833 3429 1143 3500 Episcopi&
1218 3432 1332 3483 Art.
1359 3437 1574 3500 septem.

730 3514 810 3565 De
835 3513 1090 3567 Statuas.
1163 3516 1274 3567 Art.
1303 3518 1692 3585 quinquaginta
1715 3516 1836 3567 duo.

560 3604 751 3657 Omnia
775 3609 831 3656 et
854 3606 1062 3674 singula
1085 3606 1143 3656 in
1166 3607 1265 3657 hac
1302 3606 1510 3674 Synodo
1546 3610 1765 3669 statuta,
1803 3607 2027 3670 decreta,
2066 3611 2122 3657 et
2161 3602 2297 3668 acta,

420 3703 524 3755 qua
565 3689 715 3739 decet
756 3689 1056 3740 obedientia
1097 3694 1153 3740 et
1193 3692 1480 3741 reverentia
1517 3691 1841 3753 auctoritati,
1883 3691 2204 3754 correctioni,
2243 3695 2300 3741 et
