2534 4374
851 472 1099 517 APPEND.
1147 474 1247 530 w„
1294 476 1344 514 v.
1914 464 2024 522 301

285 619 627 687 Quapropter,
670 634 736 667 nc
777 616 1037 667 similibus
1078 618 1283 668 damnis
1325 619 1409 668 via
1447 620 1502 669 in
1542 628 1802 687 posterum
1846 632 2041 689 pateat,

131 707 355 762 omnino
381 703 601 755 mandat
627 701 680 753 S.
709 700 1059 770 congregatio
1084 703 1327 752 omnibus
1363 703 1634 772 Epis-copis
1669 706 1722 755 in
1759 706 1883 755 locis
1919 708 2042 755 inis-

140 793 346 844 sionum
382 787 718 857 degentibuS,
753 802 850 836 nec
889 802 994 836 non
1032 786 1255 837 Vicariis
1288 805 1347 839 ac
1389 788 1673 840 Praefectis
1711 791 2040 858 Apostolicis,

140 881 220 938 ut,
245 874 390 926 omni
409 872 837 941 tergiversatione
864 872 1106 939 seposita,
1125 872 1328 924 litteras
1347 875 1807 925 commendatitias
1832 893 2039 926 suorum

142 961 520 1031 Episcoporum
560 975 591 1008 a
629 957 830 1008 clericis
868 963 922 1007 et
960 958 1311 1009 sacerdotibus
1349 960 1631 1027 peregrinis
1662 961 1908 1029 exigant3
1947 962 2038 1028 qui

139 1063 260 1099 vero
282 1045 348 1097 iis
374 1049 583 1095 careant
608 1042 901 1093 nullimode
926 1043 1262 1110 recipiantur.

281 1130 399 1182 Hoc
425 1127 831 1197 significandum
858 1127 1218 1195 Amplitudini
1246 1129 1390 1180 Tuae
1415 1136 1555 1190 erat3
1593 1150 1688 1200 cgo
1716 1149 1834 1184 vero
1865 1150 2042 1200 precor

140 1217 313 1268 Deum
336 1219 400 1265 ut
424 1218 478 1264 te
503 1212 802 1263 diutissime
829 1213 1078 1279 sospitem
1106 1220 1288 1264 servet.

283 1302 480 1359 Romae
505 1318 568 1351 ex
593 1299 825 1350 Aedibus
851 1298 904 1350 S.
934 1298 1011 1362 C„
1036 1300 1122 1351 die
1150 1303 1219 1351 20
1244 1302 1454 1369 Aprilis,
1487 1306 1635 1354 1873.

497 1435 904 1487 Addictissimus
929 1436 986 1485 in
1014 1433 1222 1485 Christo
1249 1435 1446 1499 Frater,

965 1539 1710 1604 AL.CARD.BARNABO.

1117 1663 1218 1714 Pro
1243 1663 1307 1714 R.
1335 1664 1395 1715 P.
1423 1664 1487 1714 D.
1516 1666 1834 1717 Secretarioz

316 1773 537 1846 L·*¹⁴S·
1229 1777 1458 1828 ACHILL.
1487 1775 1620 1828 CAN.
1648 1777 1968 1841 RlNALmNJ,

1612 1870 1654 1909 S.
1690 1871 1804 1920 Cvny.
1841 1871 2036 1919 Officiala's.

1056 2199 1135 2259 V}

141 2363 238 2415 DE
274 2362 517 2415 LIBRIS
556 2363 1141 2416 CAPITULARIBUS
1183 2362 1531 2415 EPISCOPO
1572 2363 2044 2415 EXHIBENDIS.

574 2511 919 2550 RESCRIPTUM
955 2513 998 2551 S.
1037 2512 1311 2552 CONGREG.
1352 2511 1613 2551 CONCILII.

795 2634 891 2683 (Ad
915 2634 1123 2673 Decretum
1160 2633 1304 2682 VIII„
1337 2635 1403 2682 2.)

284 2746 388 2799 Die
437 2751 469 2798 2
514 2748 783 2816 Auyusti,
831 2751 986 2802 1869.
1063 2750 1219 2802 Sacra
1269 2749 1618 2819 Congregatio
1668 2751 1938 2802 Emorum.
1989 2752 2041 2802 S.

142 2832 409 2885 Romanae
434 2835 701 2886 Ecclesiae
728 2834 1089 2887 Cardinalium
1116 2835 1340 2888 Concilii
1366 2836 1665 2887 Tridentini
1686 2837 2041 2904 Interpretum

141 2919 350 2970 rescribi
398 2920 703 2972 mandavit:
726 2921 743 2951 ¹
827 2920 1104 2972 Provisum
1169 2938 1259 2989 per
1323 2920 1594 2990 Synodum
1659 2921 2042 2972 Provincialem

142 3003 658 3056 westmonasterien.
697 3006 824 3056 anni
868 3008 1025 3070 1852,
1061 3007 1203 3074 typis
1242 3006 1442 3056 editam
1479 3023 1617 3057 anno
1659 3009 1812 3068 1853,
1849 3012 1903 3056 et
1932 3023 1963 3056 a
1989 3007 2041 3057 S.

140 3085 560 3158 Congregatione
590 3090 654 3140 de
689 3090 1034 3159 Propaganda
1073 3090 1208 3141 Fide
1244 3091 1569 3157 recognitam
1610 3094 1665 3141 et
1702 3091 2041 3158 approbatam

141 3172 361 3224 Decreto
385 3174 494 3225 diei
523 3177 589 3224 14
613 3174 770 3238 Maii,
801 3178 955 3239 1853,
981 3175 1140 3226 Parte
1165 3178 1216 3238 2,
1242 3173 1307 3226 (Ze
1334 3173 1573 3226 Statutis
1602 3173 2042 3243 Gapitularibus,

141 3258 233 3321 ix„
256 3274 309 3310 n.
336 3260 423 3322 50,
449 3276 569 3328 pag.
602 3262 809 3309 loo—‘⁶
828 3259 1022 3328 Copiae
1054 3260 1433 3311 resolutionum
1470 3259 1854 3327 Capitularium
1891 3261 2043 3327 Epis-

136 3359 271 3410 copo
305 3344 608 3410 requirenti,
627 3350 813 3411 utpote
833 3346 920 3396 cui
940 3346 1208 3397 incumbit
1226 3346 1503 3413 invigilare
1521 3350 1576 3395 et
1595 3362 1952 3413 recognoscere
1978 3363 2042 3395 ne

216 3495 233 3520 ²
249 3495 448 3544 Quaestio
462 3500 564 3548 erat,
580 3501 725 3539 utrum
739 3498 889 3539 debeat
904 3498 1147 3551 Capitulum
1162 3498 1382 3551 Episcopo,
1399 3498 1442 3537 id
1457 3498 1569 3538 intra
1584 3497 1797 3537 civitatem
1812 3499 2042 3549 requirenti

137 3562 294 3604 librum
307 3563 580 3617 capitularem
592 3563 789 3605 exhibere
802 3564 1030 3617 integrum,
1050 3568 1093 3606 ct
1105 3578 1191 3605 non
1206 3568 1372 3605 tantum
1388 3564 1734 3605 deliberationum
1749 3564 2043 3617 capitularium

138 3629 303 3682 copias;
334 3643 383 3671 ac
404 3633 620 3683 praeterea
642 3633 799 3682 utrum,
823 3635 1010 3684 tempore
1030 3632 1300 3682 visitationis,
1326 3631 1567 3685 Capitulum
1589 3635 1783 3673 teneatur
1809 3631 2044 3672 archivium

143 3707 280 3748 suum,
302 3696 458 3749 absque
475 3697 563 3738 ulla
581 3698 874 3749 reservatione,
896 3698 1104 3753 Episcopo
1121 3699 1297 3753 aperire.
