2534 4374
549 439 792 483 EREC'I'IO
837 440 1195 484 DIOECESEOS
1237 443 1720 488 PORTESMUTHEN.
1959 430 2083 490 443

179 592 422 644 fidelium
447 591 585 643 bono
622 595 678 641 et
715 590 1190 642 commoditatibus
1224 592 1458 656 solliciti,
1483 611 1588 645 non
1616 596 1775 646 semel
1801 597 2091 663 praefatam

182 677 479 728 Dioecesim
527 677 587 726 in
649 676 781 726 duas
831 674 1065 730 dividere
1134 675 1360 729 Sanctae
1410 680 1533 730 huie
1584 681 1916 748 Apostolicae
1968 682 2092 731 Sodi

181 765 580 831 proposuerunt.
658 760 907 828 Superior
949 765 1133 812 antem
1172 778 1329 825 anno,
1366 780 1532 831 quum
1566 782 1658 832 per
1697 766 1904 816 obitum
1931 766 2094 815 bonae

183 866 344 900 mem.
381 848 417 900 J
419 848 570 899 acobi
607 846 816 910 Danell,
841 845 1059 897 Pastore
1093 864 1185 897 suo
1212 846 1621 900 Suthwarcensis
1647 850 1907 901 Dioecesis
1933 851 2095 901 desti-

185 940 307 986 tuta
332 936 510 998 fuerit,
535 935 710 985 eidem
733 933 1040 985 Venerabili
1066 933 1241 984 Fratri
1258 934 1663 1004 Archiepiscopo
1684 937 2097 987 westmonaste-

182 1021 345 1073 riensi
368 1038 461 1089 per
484 1020 882 1072 Venerabilium
909 1019 1158 1070 Fratrum
1184 1020 1497 1071 Nostrorum
1523 1022 1712 1074 S.R.E.
1732 1022 2092 1074 Cardinalium

188 1106 486 1158 Christiano
509 1107 718 1158 nomini
741 1106 1082 1175 propagando
1109 1104 1419 1170 Consilium,
1439 1110 1805 1159 renuntiatum
1831 1115 1911 1159 est
1936 1108 2099 1158 Sanc-

187 1198 301 1243 tam
332 1192 523 1244 Sedem
555 1191 784 1243 libenter
821 1191 980 1243 modo
1006 1191 1338 1259 supradictae
1375 1193 1649 1244 divisionis
1687 1194 2097 1261 propositionem

183 1296 295 1330 esse
330 1283 688 1347 excepturam.
763 1278 907 1329 Hinc
932 1277 1001 1328 ab
1025 1277 1210 1329 eodem
1246 1278 1651 1346 Archiepiscopo
1675 1280 1720 1348 ej
1730 1296 1891 1346 usque
1918 1278 2101 1328 suffra-

186 1365 371 1435 ganeis
390 1363 668 1432 Episcopis
695 1362 1108 1414 Suthwarcensis
1127 1361 1394 1414 Dioecesis
1410 1363 1601 1414 divisio
1626 1365 1834 1414 iteratis
1861 1364 2101 1431 precibus

188 1450 459 1517 postulata
482 1454 580 1500 est.
656 1448 772 1510 Qua
790 1449 856 1499 de
880 1466 935 1499 re
952 1448 1139 1499 statim
1159 1465 1280 1500 cum
1297 1450 1583 1516 praedictis
1603 1449 1876 1500 Fratribus
1896 1449 2100 1499 Nostris

188 1536 417 1604 negotiis
450 1534 826 1605 Propagandae
859 1533 1016 1585 Fidei
1050 1534 1363 1602 praepositis
1398 1534 1623 1603 egimus,
1648 1540 1955 1601 matureque
1981 1551 2102 1584 con-

191 1622 433 1673 sideratis
457 1620 704 1672 omnibus
729 1637 791 1671 ac
833 1618 1121 1688 perpensis,
1164 1624 1512 1671 memoratam
1556 1619 1852 1671 Dioecesim
1878 1620 1935 1670 in
1974 1620 2103 1669 duas

190 1707 527 1776 partiendam
553 1707 870 1757 00113111111113.

300 1793 492 1860 Itaque
516 1793 628 1856 hos,
653 1793 720 1844 de
757 1793 1045 1843 eorumden
1087 1791 1484 1843 Venerabilium
1521 1792 1771 1843 Fratrum
1797 1791 2103 1842 Nostrorum

193 1878 443 1943 ConsiliO,
467 1898 500 1931 a
542 1879 930 1932 Suthwarcensi
954 1877 1196 1930 Dioecesi
1221 1879 1352 1929 duos
1398 1877 1697 1929 Comitatus
1735 1876 2013 1928 Berkshire
2050 1887 2102 1926 et

194 1965 515 2034 Hampshire
538 1983 645 2017 11113
668 1983 793 2018 011111
818 1965 1007 2016 insulis
1043 1965 1103 2015 in
1147 1964 1457 2016 Britannico
1497 1965 1648 2027 mari,
1687 1964 1847 2033 vulgo
1872 1959 2107 2029 Enylish

198 2050 464 2115 Channel,
489 2070 581 2104 seu
606 2051 664 2103 la
699 2051 767 2103 M
765 2050 936 2103 anicet
970 2052 1040 2103 ad
1083 2050 1339 2120 Angliam
1363 2050 1774 2118 pertinentibus,
1798 2044 2107 2116 Apostolica

195 2138 528 2189 Auctoritate
589 2138 807 2189 omnino
882 2136 1211 2206 sejungimus
1279 2140 1336 2186 et
1404 2151 1754 2204 segregamUS,
1815 2151 2107 2200 novamque

196 2223 449 2292 erigimus
474 2228 530 2274 et
554 2223 933 2274 constituimus
972 2221 1289 2285 Dioecesim,
1333 2239 1467 2290 quae
1507 2222 1709 2272 duobus
1755 2219 2107 2272 Comitatibus

196 2309 486 2377 insulisque
501 2309 787 2377 praedictis
806 2307 1088 2359 constabit.
1130 2307 1314 2359 Novae
1329 2308 1489 2376 hujus
1504 2307 1769 2358 Dioecesis
1786 2306 2106 2373 Episcopum

195 2396 375 2446 sedem
415 2412 563 2445 suam
604 2394 793 2446 habere
835 2394 1079 2446 volumus
1119 2395 1179 2445 in
1205 2394 1396 2444 Portus
1439 2393 1630 2461 Magni
1667 2390 1833 2458 vulyo
1871 2396 1904 2420 ‘⁶
1921 2389 2109 2441 Ports-

196 2478 438 2532 ‘mouth”
477 2479 728 2543 Civitate,
751 2484 808 2531 et
850 2480 918 2531 ab
949 2480 1137 2532 eadem
1173 2478 1407 2532 Civitate
1438 2495 1633 2530 nomen
1672 2479 1721 2528 ei
1749 2478 1989 2537 facimus,
2028 2477 2106 2524 ita

198 2571 264 2617 ut
280 2583 417 2617 nova
435 2565 562 2617 haec
580 2566 845 2617 Dioecesis
871 2565 1351 2616 Portesmuthensis
1377 2564 1749 2632 appellabitur.
1815 2562 1879 2611 In
1901 2562 2109 2612 Portes-

198 2652 495 2703 muthensis
549 2655 816 2719 praeterea
870 2651 1139 2702 Dioecesis
1195 2649 1563 2701 Cathedralem
1620 2649 1931 2710 Ecclesiam,
1986 2663 2108 2696 cum

198 2737 447 2806 Capitulo
483 2738 831 2801 instituendo,
881 2737 1187 2806 erigendam
1237 2736 1592 2803 praecipimus
1629 2734 1914 2801 Templum
1964 2732 2105 2799 quod

198 2825 356 2875 modo
381 2825 438 2874 in
462 2825 713 2875 honorem
734 2823 788 2876 S.
807 2823 843 2875 J
846 2825 1029 2874 oannis
1054 2823 1430 2891 Evangelistae
1449 2839 1610 2891 penes
1628 2822 1801 2889 ipsam
1823 2819 2109 2870 Civitatem

200 2909 721 2961 Portesmuthensem
787 2910 1112 2961 aedificatur.
1230 2908 1399 2959 Vetus
1461 2913 1643 2958 autem
1696 2903 2104 2957 Suthwarcensis

200 2997 438 3048 Ecclesia
461 2997 749 3065 pristinum
774 3014 970 3048 nomen
996 3014 1167 3059 suum,
1193 2997 1486 3063 prestinam
1513 2995 1725 3056 Sedem,
1752 2999 1807 3043 et
1832 2992 2107 3056 antiquam

199 3081 494 3134 Ecclesiam
539 3082 906 3134 Cathedralem
945 3084 1005 3133 in
1044 3083 1294 3133 honorem
1339 3081 1392 3132 S.
1438 3080 1653 3146 Georgii
1697 3096 1820 3129 cum
1865 3075 2111 3142 Capitulo

197 3170 374 3220 denuo
397 3169 646 3237 erigendo
669 3169 940 3232 retinebit,
965 3173 1128 3236 atque
1167 3168 1226 3218 in
1263 3167 1499 3234 ejusdem
1524 3166 1560 3217 J
1563 3164 1906 3216 urisdictione
1934 3160 2110 3212 Comi-

201 3259 348 3305 tatus
398 3253 606 3322 Surrey,
661 3254 810 3304 Kent
850 3258 906 3304 et
950 3253 1141 3304 Sussex
1183 3252 1492 3303 manebunt.
1584 3250 1721 3301 Dein
1765 3249 1904 3299 inter
1948 3245 2110 3296 Suth-

201 3357 513 3391 warcensem
582 3344 638 3390 et
715 3356 909 3390 novam
972 3339 1494 3390 Portesmuthensem
1570 3336 1841 3387 Dioeceses
1902 3332 2110 3383 eosdem

201 3426 602 3494 praescribimus
638 3424 857 3488 limites,
906 3425 1097 3493 quibus
1148 3422 1449 3475 Comitatus
1500 3421 1690 3488 Surrey
1739 3425 1796 3470 et
1846 3417 2035 3468 Sussex
2079 3433 2110 3464 a

203 3510 558 3562 Comitatibus
583 3507 861 3560 Berkshire
887 3515 943 3560 et
981 3509 1301 3577 Hampshire
1341 3508 1671 3559 dividuntur.
1764 3504 2005 3569 Denique
2041 3502 2107 3551 de

200 3596 468 3648 eorunden
492 3594 750 3644 Fratrum⁴
769 3593 1079 3645 Nostrorum
1105 3593 1340 3655 001131110,
1360 3592 1800 3644 Ι)1000033110111111
1829 3588 2107 3638 fundorum

202 3683 342 3734 inter
373 3680 821 3733 Suthwarcensem
849 3686 905 3732 et
928 3680 1448 3732 Portesmuthensem
1472 3676 1741 3727 Dioeceses
1768 3673 2109 3742 partitionem
