2534 4374
649 506 994 551 ms'muc'rto
1037 508 1223 552 sumn
1266 510 1600 553 ΒῙΝΑΤῙΟΝΕ.
1952 493 2077 554 399

170 657 204 685 “
220 653 478 706 celebrare
493 652 550 685 ”¹
596 652 765 705 anche
805 653 919 704 cioe
959 654 1016 705 in
1065 654 1183 721 que’
1224 655 1349 719 casi,
1398 655 1455 706 in
1506 656 1593 707 0111
1640 655 1695 706 la
1742 656 2082 724 popolazione

168 740 464 792 altrimenti
489 739 802 791 rimarrebbe
828 740 977 806 priva
995 739 1134 789 della
1178 756 1346 790 messa
1371 741 1428 791 in
1464 741 1649 809 giorno
1675 741 1877 794 festivo.
1954 742 2084 794 Seb-

167 826 300 877 bene
323 827 413 894 poi
440 841 538 876 con
554 824 764 875 decreto
784 824 922 874 della
939 823 992 875 S.
1012 823 1429 895 Congregazione
1446 826 1526 878 de'
1543 827 1659 878 Riti
1678 825 1747 878 in
1766 826 2082 880 Ebusitana

167 911 255 964 die
283 912 348 964 16
376 910 674 964 Settembre
704 912 840 962 1815
868 911 999 961 erasi
1020 912 1313 979 prescritt0‚
1330 912 1427 963 che
1445 929 1551 963 uno
1571 913 1679 964 solo
1698 914 1832 964 fosse
1857 913 1897 963 il
1916 914 2081 965 calice

170 996 238 1048 da
261 996 560 1065 adoperarsi
586 996 655 1047 da
678 995 766 1047 chi
809 995 1013 1046 celebra
1055 996 1159 1046 due
1202 1013 1385 1059 messe,
1411 999 1636 1049 siccome
1661 997 1999 1049 l’osservanza
2023 999 2081 1050 di

166 1099 241 1133 un
267 1082 373 1133 tale
397 1082 607 1134 decreto
630 1081 905 1133 involveva
948 1098 1054 1132 non
1094 1081 1221 1132 lievi
1265 1082 1537 1146 difficoltb„
1562 1084 1772 1150 qnando
1797 1085 1841 1133 si
1867 1083 2081 1134 dovesse

167 1168 424 1219 celebrare
447 1169 504 1219 in
543 1168 648 1219 due
687 1165 875 1218 Chiese
912 1170 1113 1218 remote
1156 1167 1298 1218 l’una
1340 1168 1463 1219 dall'
1487 1168 1656 1229 altra3
1707 1168 1759 1219 la
1783 1170 2081 1220 encomiata

169 1252 222 1306 S.
245 1252 684 1323 Congregazione
722 1252 812 1303 nei
854 1251 1087 1321 generali
1127 1253 1316 1303 comizi
1359 1253 1445 1303 dei
1495 1256 1558 1303 12
1601 1252 1899 1304 Settembre
1942 1253 2074 1304 1857

169 1339 488 1390 moderando
513 1339 555 1389 il
580 1339 891 1406 precedente
917 1338 1125 1389 decreto
1150 1338 1320 1389 decise
1363 1355 1538 1390 usum
1563 1337 1812 1389 duorum
1837 1335 2080 1388 calicum

166 1422 235 1475 im.
259 1440 396 1476 casu
412 1439 575 1494 posse
598 1421 870 1493 permitti.
964 1423 1044 1474 La
1086 1425 1179 1492 qui
1205 1425 1357 1475 unita
1401 1425 1703 1486 istruzione‚
1729 1424 1826 1475 che
1850 1424 1909 1473 fu
1934 1440 2075 1473 com-

166 1509 337 1578 pilata
373 1526 467 1578 per
507 1509 690 1560 ordine
731 1508 871 1559 della
914 1508 1204 1559 medesima
1248 1507 1302 1559 S.
1344 1507 1421 1572 C„
1466 1509 1712 1577 riguarda
1755 1508 1796 1558 il
1840 1509 1996 1559 modo
2020 1509 2077 1560 di

166 1595 442 1663 purificare
466 1594 507 1645 il
533 1594 694 1645 calice
720 1594 915 1645 servito
940 1611 1031 1662 per
1054 1594 1108 1644 la
1134 1594 1305 1662 prima
1330 1611 1514 1646 messa.

310 1680 466 1732 Dalla
489 1681 836 1751 Propaganda
859 1680 901 1731 11
928 1682 997 1730 24
1022 1679 1245 1749 Maggio
1275 1679 1430 1731 1870.

1077 2090 1153 2139 II.

904 2228 983 2280 IN
989 2228 1069 2281 ST
1076 2228 1340 2282 RUCTIO

184 2370 228 2413 Δ.
262 2370 307 2413 S.
338 2370 391 2411 R.
423 2369 471 2412 C.
502 2369 609 2409 DIE
636 2368 732 2409 XII
774 2368 1144 2410 SEPTEMBRIS
1186 2369 1289 2411 1857
1331 2368 1520 2408 EDITA
1561 2367 1675 2409 PRO
1718 2367 2062 2409 SACERDOTE

331 2447 749 2491 APOSTOLICAM
788 2447 1190 2489 FACULTATEM
1227 2447 1515 2487 HABENTE
1554 2447 1648 2488 BIS
1686 2448 1914 2489 MISSAM

719 2529 930 2570 EADEM
969 2529 1077 2570 DIE
1125 2529 1524 2570 CELEBRANDI.

311 2662 532 2724 Quando
577 2659 822 2711 Sacerdos
860 2659 1046 2710 eadem
1083 2659 1171 2709 die
1207 2658 1337 2709 duas
1374 2645 1566 2709 Missas
1610 2659 1809 2711 dissitis
1852 2662 1909 2712 in
1953 2661 2080 2712 locis

166 2748 423 2801 celebrare
447 2746 623 2808 debet,
646 2745 706 2795 in
742 2744 915 2812 prima
939 2744 1070 2794 dum
1096 2743 1342 2793 divinum
1380 2741 1705 2812 Sanguinem
1743 2746 1927 2808 sumit,
1955 2764 2077 2796 eum

165 2831 574 2902 diligentissime
595 2830 815 2881 sorbeat.
890 2828 1097 2879 Exinde
1117 2846 1272 2897 super
1290 2829 1556 2896 corporale
1575 2834 1741 2897 ponat
1768 2829 1998 2881 Calicem
2023 2838 2079 2881 et

167 2918 310 2988 palla
327 2922 496 2987 tegat,
515 2934 575 2968 ac
586 2916 791 2984 junctis
815 2915 1061 2965 manibus
1080 2914 1138 2964 in
1157 2914 1333 2965 medio
1353 2914 1552 2965 Altaris
1577 2915 1753 2967 dicat:
1803 2913 1965 2979 Quod
1990 2932 2082 2967 ore

165 3002 537 3073 sumpsimus,
564 3005 678 3066 etc„
703 3006 759 3053 et
783 3001 1006 3052 subinde
1031 3001 1248 3051 admoto
1283 3016 1451 3067 aquae
1476 2999 1689 3051 vasculo
1714 3000 1913 3069 digitos
1938 3000 2079 3051 lavet

166 3091 375 3142 dicens:
439 3086 656 3158 Corpus
698 3091 885 3149 tuum,
922 3090 979 3137 et
1014 3086 1297 3155 abstergat.
1372 3084 1533 3135 Hisce
1576 3085 1800 3152 peractis
1845 3083 2076 3135 Calicem

167 3193 321 3244 super
345 3173 617 3242 Corporale
641 3177 946 3223 manentem
983 3170 1173 3235 adhuc,
1213 3171 1443 3222 deducta
1486 3170 1629 3238 palla
1672 3170 1938 3237 cooperiat
1980 3187 2078 3220 ceu

168 3279 282 3313 mos
306 3265 404 3323 est,
428 3259 633 3311 scilicet
655 3260 889 3326 primum
926 3256 1279 3325 purificatoris
1320 3255 1504 3318 linteo,
1548 3255 1739 3305 deinde
1783 3259 1976 3321 patena
2017 3270 2078 3305 ac

167 3347 327 3416 palla,
350 3350 406 3396 et
429 3345 647 3396 demum
671 3344 804 3395 velo,
879 3343 1009 3395 Post
1047 3342 1176 3394 haec
1215 3341 1437 3391 Missam
1471 3344 1832 3407 prosequatur,
1856 3343 1912 3389 et
1937 3356 2080 3389 com-

166 3432 311 3501 pleto
334 3431 529 3482 ultimo
553 3430 862 3499 EvangeIiO‚
886 3446 1061 3480 rursus
1086 3431 1193 3479 stet
1229 3427 1287 3477 in
1329 3426 1506 3476 medio
1549 3425 1764 3486 Altaris„
1788 3428 1844 3474 et
1868 3423 2079 3474 detecto

169 3516 362 3580 Calice‚
386 3516 639 3584 inspiciat
661 3531 730 3565 an
754 3514 958 3582 aliquid
982 3514 1153 3565 divini
1194 3511 1481 3582 Sanguinis
1520 3527 1618 3561 nec
1644 3526 1710 3560 ne
1734 3509 1803 3559 ad
1827 3508 1998 3558 imum
2024 3525 2078 3559 se

324 3671 343 3697 ²
365 3673 490 3714 Cone.
521 3672 566 3713 di
591 3672 742 3712 Nimes
767 3672 918 3712 tenuto
944 3670 1018 3711 nel
1038 3671 1156 3710 1284.
1176 3679 1319 3722 presso
1338 3664 1497 3706 Bened.
1520 3640 1647 3704 XIV.
1670 3663 1737 3704 De
1755 3662 1899 3704 Sanot.
1921 3661 2080 3703 Missae

169 3739 322 3782 Sacri-f.
342 3740 394 3781 L.
415 3739 507 3779 111.
528 3752 621 3793 cap.
642 3738 699 3779 V.
719 3751 766 3778 n.
787 3741 829 3778 4.
