2534 4374
934 452 1183 494 APPEND.
1232 452 1399 494 xvnr.
1998 434 2122 497 335

360 598 496 651 Cum
536 615 655 650 vero
697 598 785 647 hic
815 601 1000 647 auctor
1032 601 1145 647 tam
1180 598 1237 648 in
1278 598 1569 666 Theologia
1609 615 1771 666 quam
1813 600 1869 650 in
1911 600 2128 650 Casibus

211 684 578 738 Conscientiae
614 682 861 735 citaverit
897 682 1202 748 opinionem
1240 682 1466 733 aliorum
1500 690 1776 735 auctorum
1807 685 2130 748 docentium,

211 775 425 840 propter
461 769 802 821 existentiam
841 767 995 819 dubii
1033 768 1099 818 de
1136 769 1309 835 primo
1334 769 1655 836 baptismate
1680 787 1712 820 a
1745 772 2129 821 neo-conversis

213 863 450 924 tempore
482 855 743 905 infantiae
782 860 1024 922 suscepto
1063 853 1219 922 (adeo
1258 859 1324 905 ut
1362 855 1406 904 si
1446 855 1655 906 nullum
1695 856 1752 905 id
1792 856 1969 918 suerit,
2011 874 2130 907 vera

214 943 469 1011 baptismi
509 942 774 1009 susceptio
814 941 885 991 sit
925 958 987 991 ea
1026 958 1161 1008 quae
1202 943 1471 993 occasione
1505 943 1851 1010 abjurationis
1884 945 1979 994 sub
2008 961 2131 995 con-

215 1026 421 1076 ditione
470 1021 744 1093 traditur),
794 1023 1012 1074 dubiam
1063 1041 1170 1074 esse
1220 1024 1604 1091 obligationem
1653 1032 1871 1093 peccata
1927 1027 2131 1095 integre

210 1110 504 1161 confitendi
529 1113 654 1160 ante
679 1109 778 1159 hoc
802 1108 1071 1176 baptisma
1095 1109 1541 1172 conditionatum,
1566 1110 1809 1161 nonnulli
1834 1111 2132 1162 confessarii

215 1197 275 1247 in
314 1196 512 1264 Anglia
552 1198 879 1258 censuerent,
913 1211 999 1245 eos
1039 1198 1276 1244 auctores
1316 1195 1504 1257 secuti,
1538 1195 1756 1246 dubiam
1795 1196 2134 1246 confessionis

215 1283 457 1351 integrae
507 1282 888 1350 obligationem
938 1298 1048 1332 esse
1096 1281 1302 1331 nullam
1346 1281 1763 1349 obligationem;
1816 1299 1877 1332 ac
1921 1287 2135 1350 propter

215 1369 626 1438 repugnantiam
652 1384 1017 1418 conversorum
1049 1367 1117 1417 ad
1150 1385 1269 1418 eam
1306 1368 1622 1432 faciendam,
1658 1373 1715 1419 et
1750 1374 1964 1436 propter
2000 1368 2136 1435 peri-

217 1455 399 1506 culum
449 1454 789 1506 confessionis
832 1453 1193 1520 imperfectae,
1236 1453 1320 1503 vel
1368 1453 1534 1503 etiam
1578 1454 1876 1521 sacrilegae,
1919 1454 2136 1504 omnino

213 1541 463 1609 expedire
511 1546 576 1592 ut
624 1541 858 1591 conversi
908 1540 1090 1607 aliqua
1146 1543 1364 1590 tantum
1421 1543 1640 1606 peccata
1689 1540 2000 1590 confessario
2049 1557 2137 1589 ex-

217 1631 437 1695 ponant,
472 1631 536 1678 ut
567 1627 636 1678 ab
673 1644 735 1677 eo
772 1625 1123 1677 absolutionis
1161 1625 1573 1688 sacramentalis,
1614 1626 1658 1676 si
1697 1626 1869 1677 forsan
1906 1643 1967 1676 ea
2006 1643 2137 1693 opus

214 1715 309 1779 sit,
333 1714 652 1766 beneficium
678 1714 985 1781 impetrent.

362 1801 444 1851 Ex
478 1801 585 1851 alia
616 1804 768 1868 parte
801 1800 1027 1850 habetur
1059 1799 1236 1866 praxis
1266 1802 1511 1849 constans
1535 1800 1801 1849 maximae
1825 1800 1991 1866 partis
2016 1815 2139 1848 con-

218 1886 550 1938 fessariorum
575 1886 751 1955 Regni
777 1886 1046 1954 integram
1071 1885 1473 1947 confessionem,
1497 1889 1613 1935 tam
1653 1890 1777 1935 ante
1818 1901 1979 1952 quam
2018 1890 2139 1951 post

216 1974 656 2042 approbationem
692 1971 918 2023 Concilii
953 1970 1318 2032 Provincialis,
1343 1987 1450 2020 non
1481 1970 1640 2020 modo
1666 1970 2024 2032 suadentium,
2051 1970 2137 2020 sed

218 2059 384 2109 etiam
418 2059 784 2128 exigentium3
821 2058 1047 2108 habetur
1083 2056 1368 2107 difficultas
1406 2073 1771 2106 conversorum
1805 2056 2139 2106 intellectum

216 2145 289 2195 ad
325 2144 635 2212 obsequium
668 2143 795 2193 fidei
826 2143 995 2210 ipsius
1035 2142 1362 2209 captivandi,
1386 2142 1490 2192 nisi
1524 2158 1616 2208 per
1656 2142 1823 2192 animi
1862 2142 2142 2192 humilita-

221 2235 334 2281 tem
360 2234 416 2280 et
440 2229 843 2280 submissionem
868 2246 999 2296 quas
1036 2229 1096 2279 in
1131 2228 1470 2280 Sacramento
1496 2226 1865 2277 Poenitentiae
1904 2225 2141 2278 Christus

221 2315 481 2366 Dominus
523 2332 770 2382 reponere
809 2315 1063 2384 dignatus
1102 2318 1214 2375 est3
1259 2313 1485 2364 habetur
1529 2314 1694 2363 etiam
1739 2313 2140 2380 impossibilitas

223 2401 442 2464 sciendi,
476 2401 581 2452 nisi
614 2417 707 2468 per
745 2402 1012 2469 integram
1046 2403 1383 2467 peccatorum
1418 2399 1922 2461 manifestationem,
1958 2403 2140 2449 utrum

221 2503 622 2538 neo-conversus
664 2487 767 2536 rite
808 2486 881 2537 sit
923 2486 991 2536 ad
1033 2487 1213 2553 ipsum
1252 2485 1519 2552 baptisma
1553 2485 1855 2552 dispositus,
1889 2484 2143 2551 velitque,

219 2590 303 2624 ex.
330 2590 426 2642 gr„
449 2571 844 2623 restitutionem
870 2571 1044 2622 famae
1068 2571 1153 2621 vel
1178 2571 1434 2622 bonorum
1461 2570 1532 2641 (si
1558 2572 1626 2622 ad
1657 2588 1775 2622 eam
1811 2572 1980 2622 teneri
2018 2589 2142 2622 con-

223 2659 436 2727 tigerit)
475 2658 659 2720 facere,
696 2656 1024 2708 occasionem
1060 2658 1356 2724 proximam
1393 2658 1649 2725 peccandi
1683 2659 1867 2719 vitare,
1892 2674 1924 2707 a
1956 2658 2143 2708 matri-

224 2743 404 2795 monio
442 2742 664 2794 nulliter
703 2746 974 2793 contracto
1016 2742 1230 2805 resilire,
1271 2743 1481 2794 etiamsi
1521 2761 1613 2811 per
1652 2742 1706 2794 S.
1743 2742 1893 2794 Sedis
1931 2743 2142 2810 dispen-

226 2830 486 2881 sationem
540 2829 647 2897 (uti
695 2829 754 2879 in
797 2829 1003 2880 casibus
1046 2828 1287 2895 quotidie
1331 2829 1769 2896 frequentioribus
1811 2829 2140 2879 matrimonii

224 2918 346 2983 post
383 2914 673 2965 divortium
710 2914 867 2965 civile
901 2914 1186 2983 contracti)
1223 2914 1361 2965 illud
1405 2916 1575 2965 sanari
1618 2922 1877 2982 nequeat3
1919 2915 2142 2966 habetur

223 2999 438 3065 insuper
461 2997 741 3047 necessitas
768 3014 891 3047 suae
918 2997 1079 3047 saluti
1111 3014 1205 3064 per
1230 2996 1677 3064 justificationem
1711 2998 1769 3047 in
1803 2996 2141 3048 Sacramento

227 3083 598 3134 Poenitentiae
630 3082 1006 3150 prospiciendi,
1031 3098 1063 3132 a
1093 3082 1243 3150 cujus
1275 3082 1590 3151 integritate
1624 3099 1779 3134 nemo
1816 3084 1873 3133 in
1909 3083 2141 3134 infantia

226 3167 387 3219 semel
434 3168 736 3236 baptizatus
784 3169 952 3235 possit
1001 3168 1196 3229 eximi3
1250 3171 1462 3218 attenta
1504 3170 1811 3235 praesertim
1855 3169 2141 3237 diligentia

215 3254 495 3322 juniorum
539 3269 570 3304 e
612 3251 760 3304 Clero
809 3252 1104 3322 Anglicano
1155 3253 1292 3303 circa
1340 3254 1508 3303 ritum
1556 3254 1863 3320 baptizandi
1913 3255 2140 3306 fideliter

227 3340 557 3401 servandum,
581 3343 638 3389 et
661 3342 871 3390 attento
894 3340 1115 3407 proinde
1140 3340 1330 3408 majori
1360 3357 1579 3391 numero
1604 3357 1801 3403 eorum,
1827 3340 1892 3390 de
1916 3357 2137 3408 quorum

226 3423 562 3491 baptismatis
586 3424 852 3475 infantilis
876 3424 1051 3476 valore
1075 3441 1181 3475 non
1206 3425 1336 3476 licet
1360 3426 1610 3476 dubitari.

371 3508 548 3568 Quum
572 3526 692 3560 vero
716 3514 920 3560 certum
947 3510 1035 3572 sit,
1060 3510 1202 3577 quod
1235 3514 1356 3577 post
1391 3510 1567 3577 plures
1602 3527 1765 3561 annos
1802 3511 2139 3562 confessionis

226 3595 462 3663 integrae
499 3594 758 3663 obligatio
791 3595 904 3645 vim
944 3612 1095 3646 suam
1135 3597 1351 3647 omnino
1390 3597 1462 3646 sit
1503 3598 1775 3659 amissura,
1809 3598 1853 3648 si
1893 3599 1951 3648 in
1988 3601 2138 3666 praxi

226 3682 373 3747 sequi
416 3680 630 3731 valeant
671 3680 926 3749 Theologi
968 3682 1054 3732 uti
1097 3685 1276 3732 tutam
1320 3682 1626 3750 opinionem
1669 3688 1947 3734 auctorum
1989 3701 2139 3749 prae-
