2534 4374
522 469 766 511 APPEND.
812 469 851 511 1.
936 469 1136 511 sucre.
1186 454 1447 520 ‘QUANTA
1492 454 1675 512 cum!
1922 455 2044 514 263

292 619 358 670 In
399 622 552 670 tanta
591 619 761 687 igitur
798 620 1200 688 depravatarum
1230 622 1541 689 opinionum
1568 621 1922 688 perversitate,
1948 621 2055 671 Nos

148 703 439 772 Apostolici
464 703 645 754 Nostri
670 704 830 756 officii
856 705 1017 772 probe
1041 722 1313 769 memoreS‚
1337 724 1398 757 ac
1423 707 1490 757 de
1520 707 1847 757 sanctissima
1880 714 2054 757 nostra

150 790 419 859 religione,
459 791 523 841 de
564 806 688 842 sana
726 792 982 856 doctrina,
1006 796 1064 843 et
1091 793 1386 843 animarum
1414 792 1580 843 salute
1606 793 1771 843 Nobis
1796 793 2054 843 divinitus

147 876 442 939 commissa,
461 893 523 926 ac
548 876 612 927 de
636 875 803 943 ipsius
828 875 1091 928 humanae
1117 878 1385 929 societatis
1409 878 1545 928 bono
1571 878 1801 928 maxime
1822 877 2054 939 solliciti,

149 961 505 1028 Apostolicam
554 960 803 1012 Nostram
852 979 1034 1013 vocem
1084 962 1277 1013 iterum
1327 963 1572 1013 extollere
1621 963 2053 1013 existimavimus.

149 1046 339 1114 Itaque
378 1062 558 1097 omnes
594 1051 651 1098 et
686 1047 919 1116 singulas
956 1064 1140 1115 pravas
1177 1048 1450 1116 opiniones
1487 1065 1548 1098 ac
1582 1048 1844 1098 doctrinas
1870 1049 2053 1116 singil-

150 1132 303 1184 latim
329 1133 471 1184 hisce
495 1132 718 1184 Litteris
743 1138 1178 1185 commemoratas
1196 1133 1514 1185 auctoritate
1539 1133 1730 1185 Nostra
1755 1134 2055 1201 Apostolica

149 1218 501 1287 reprobamUS,
526 1219 900 1286 proscribimus
924 1223 1084 1287 atque
1118 1219 1450 1282 damnamuS,
1481 1236 1670 1287 easque
1707 1219 1775 1269 ab
1811 1220 2055 1270 omnibus

149 1301 451 1356 Catholicae
492 1303 757 1355 Ecclesiae
804 1304 949 1366 filiis,
987 1303 1154 1355 veluti
1197 1303 1514 1371 reprobataS,
1550 1304 1862 1371 proscriptas
1897 1309 2054 1371 atque

149 1389 424 1440 damnatas
449 1389 664 1440 omnino
689 1389 869 1441 haberi
893 1389 1136 1441 volumus
1159 1393 1216 1439 et
1239 1389 1566 1439 mandamus·

290 1474 367 1525 Ac
403 1478 668 1543 praeterea
706 1476 910 1543 optime
947 1475 1111 1537 scitiS‚
1136 1474 1469 1525 Venerabiles
1502 1473 1727 1537 FratreS,
1753 1474 1895 1525 hisce
1921 1479 2055 1525 tem-

148 1560 360 1629 poribus
384 1560 558 1612 omnis
581 1561 821 1611 veritatis
849 1560 1202 1629 justitiaeque
1239 1577 1407 1611 osores
1444 1564 1501 1610 et
1538 1560 1815 1610 acerrimos
1851 1565 2057 1610 nostrae

148 1646 416 1716 religionis
458 1646 650 1709 hostes,
687 1663 780 1714 per
830 1645 1103 1714 pestiferos
1155 1644 1329 1708 libros,
1369 1643 1573 1694 libellos
1611 1648 1667 1694 et
1703 1644 2057 1711 ephemerides

149 1734 265 1783 toto
306 1735 561 1783 terrarum
604 1731 727 1783 orbe
775 1731 1030 1799 dispersas
1078 1729 1290 1798 populis
1338 1730 1637 1791 illudenteS,
1686 1746 1747 1779 ac
1794 1729 2056 1780 malitiose

149 1816 485 1879 mentienteS,
509 1815 640 1866 alias
664 1816 859 1884 impias
889 1832 1122 1883 quasque
1155 1814 1492 1865 disseminare
1521 1814 1800 1864 doctrinas,
1875 1813 2057 1881 Neque

149 1902 420 1972 ignoratiS,
445 1901 545 1952 hae
569 1902 736 1952 etiam
761 1905 939 1953 nostra
962 1904 1158 1964 aetate,
1175 1900 1456 1951 nonnullos
1480 1901 1710 1968 reperiri,
1730 1901 1822 1967 qui
1847 1905 2058 1951 satanae

90 1981 97 1985 ”
149 1988 342 2056 spiritu
365 1987 595 2055 permoti
620 1992 676 2039 et
700 1987 916 2038 incitati
941 2003 1002 2038 eo
1027 1987 1325 2055 impietatis
1354 1986 1695 2048 devenerunt,
1719 1991 1783 2036 ut
1806 1986 2058 2036 Domina-

150 2078 317 2125 torem
365 2072 660 2125 Dominum
709 2073 965 2125 Nostrum
1022 2071 1057 2123 J
1060 2089 1208 2123 esum
1267 2070 1536 2123 Christum
1585 2088 1795 2140 negare,
1841 2070 2057 2138 ejusque

150 2157 504 2210 Divinitatem
534 2159 783 2210 scelerata
812 2158 1136 2227 procacitate
1165 2174 1470 2227 oppugnare
1498 2174 1604 2209 non
1633 2161 1877 2225 paveant.
1951 2157 2058 2206 Hic

151 2262 272 2297 vero
313 2244 457 2296 haud
499 2261 793 2312 possumUS,
835 2245 966 2313 quin
1014 2244 1263 2295 maximis
1311 2246 1616 2312 meritisque
1663 2243 1907 2294 laudibus
1954 2243 2059 2294 Vos

148 2328 445 2394 efferamus,
483 2330 819 2382 Venerabiles
856 2330 1085 2392 Fratres,
1122 2330 1217 2398 qui
1251 2330 1602 2398 episcopalem
1627 2334 1850 2380 vestram
1877 2346 2054 2379 vocem

149 2419 331 2466 eontra
355 2418 565 2466 tantam
590 2416 928 2483 impietatem
953 2416 1100 2466 omni
1124 2415 1236 2466 zelo
1260 2415 1500 2466 attollere
1524 2415 1749 2466 minime
1774 2416 2039 2466 omisistis,

292 2501 483 2570 Itaque
506 2501 651 2553 hisce
675 2502 882 2554 Nostris
906 2502 1126 2552 Litteris
1159 2501 1265 2553 Vos
1303 2502 1498 2553 iterum
1537 2501 1897 2552 amantissime
1930 2502 2057 2552 allo-

149 2586 382 2655 quimur,
430 2587 525 2655 qui
574 2588 633 2639 in
681 2587 1057 2640 sollicitudinis
1105 2586 1326 2638 Nostrae
1375 2590 1579 2654 partem
1628 2588 1801 2637 vocati
1851 2604 2057 2637 summo

47 2659 53 2665 ’
150 2668 315 2720 Nobis
362 2670 502 2721 inter
549 2671 809 2722 maximas
856 2669 1075 2721 Nostras
1117 2670 1429 2720 acerbitates
1473 2669 1679 2732 solatio,
1722 2670 1959 2720 laetitiae
2002 2676 2057 2720 et

149 2754 494 2807 consolationi
539 2755 666 2807 estis
707 2759 921 2824 propter
954 2755 1240 2824 egregiam,
1269 2772 1375 2822 qua
1407 2756 1699 2822 praestatis,
1732 2755 2056 2822 religionem,

151 2841 429 2908 pietatem,
466 2859 528 2892 ae
563 2846 778 2910 propter
813 2842 1011 2892 mirum
1045 2841 1200 2891 illum
1237 2856 1485 2903 amorem,
1511 2841 1670 2891 fidem
1707 2845 1764 2891 et
1787 2841 2056 2891 observan-

151 2926 303 2989 tiam,
342 2942 449 2994 qua
490 2925 657 2978 Nobis
682 2929 739 2977 et
762 2925 888 2977 huic
918 2925 1252 2993 Apostolicae
1279 2923 1402 2976 Sedi
1428 2925 1843 2976 concordissimis
1866 2926 2057 2975 animis

149 3011 390 3063 obstricti
428 3012 796 3081 gravissimum
837 3010 1130 3079 episcopale
1173 3015 1406 3062 vestrum
1448 3011 1806 3061 ministerium
1849 3015 2056 3061 strenue

150 3113 211 3147 ac
250 3096 429 3147 sedulo
468 3097 689 3164 implere
728 3096 1066 3147 contenditis·
1143 3096 1361 3147 Etenim
1397 3097 1466 3147 ab
1500 3096 1695 3146 eximio
1732 3099 1903 3146 vestro
1939 3113 2055 3163 pas-

150 3181 304 3232 torali
328 3182 438 3233 zelo
474 3186 855 3250 exspectamUS,
889 3187 955 3234 ut
990 3188 1316 3234 assumentes
1355 3183 1596 3252 gladium
1642 3182 1876 3249 spirituS,
1914 3182 2051 3247 quod

150 3271 232 3317 est
279 3267 493 3318 verbum
542 3267 660 3331 Dei,
703 3271 760 3318 et
801 3268 1083 3319 confortati
1124 3267 1183 3317 in
1225 3268 1398 3336 gratia
1439 3266 1655 3317 Domini
1705 3264 1883 3315 Nostri
1927 3264 1960 3315 J
1964 3282 2053 3315 esu

151 3349 364 3416 Christi,
389 3353 564 3404 velit-is
588 3353 933 3423 ingeminatis
968 3353 1158 3404 studiis
1190 3353 1432 3420 quotidie
1465 3352 1635 3419 magis
1661 3350 1966 3418 prospicere,
1992 3356 2053 3399 ut

150 3437 327 3489 fideles
366 3455 520 3489 curae
562 3443 765 3491 vestrae
807 3438 1097 3490 concrediti
1148 3442 1181 3469 “
1197 3438 1500 3489 abstineant
1542 3435 1609 3485 ab
1650 3435 1823 3485 herbis
1865 3434 2054 3497 noxiiS,

149 3539 279 3590 quas
304 3522 339 3574 J
341 3541 457 3575 esus
483 3523 720 3576 Christus
743 3542 850 3576 non
884 3525 1032 3588 colit,
1056 3523 1194 3592 quia*
1216 3540 1321 3574 non
1357 3526 1480 3573 sunt
1512 3520 1775 3590 plantatio
1810 3518 2013 3570 Patris”
2036 3521 2049 3550 ¹

150 3606 327 3675 Atque
375 3609 572 3661 eisdem
621 3609 867 3662 fidelibus
915 3610 1178 3661 inculeare
1220 3625 1490 3676 nunquam
1536 3606 1780 3669 desinite,
1841 3621 2048 3655 omnem

705 3721 722 3744 ²
747 3720 788 3763 s.
808 3720 1006 3775 Ignatius
1024 3720 1086 3760 M.
1106 3719 1160 3761 ad
1179 3718 1443 3771 Philadelph.
1466 3720 1502 3758 a.
