2534 4374
495 434 619 494 298
1053 453 1219 495 conc.
1269 453 1436 495 PRov.
1485 453 1707 495 wsser.
1757 454 1836 494 1v.

484 599 639 650 beato
670 599 827 650 Petro
857 600 1226 668 Apostolorum
1260 601 1496 668 principe
1534 600 1642 651 sive
1680 602 1892 664 vertice,
1929 602 2080 670 cujus
2121 601 2390 655 Romanus

484 683 735 734 Pontifex
786 689 867 736 est
916 702 1191 747 successor,
1242 701 1364 735 cum
1413 684 1695 752 potestatis
1747 684 2083 752 plenitudine
2138 686 2392 754 recepisse
2487 725 2499 751 s

485 771 740 821 veraciter
765 774 821 821 et
845 769 1123 820 humiliter
1155 770 1512 838 recognoscit3
1549 774 1606 820 et
1630 770 1768 820 sicut
1791 786 1912 838 prae
1937 771 2156 823 caeteris
2179 775 2395 824 tenetur
2487 782 2494 795 ²

485 854 612 906 fidei
646 857 928 907 veritatem
963 855 1255 917 defendere,
1282 856 1356 905 sic
1380 859 1452 917 et,
1479 855 1523 905 si
1549 871 1684 921 quae
1709 855 1775 905 de
1799 855 1902 906 fide
1928 856 2169 908 subortae
2193 857 2392 909 fuerint

486 941 838 1008 quaestiones,
871 957 964 991 suo
997 940 1193 990 debent
1216 939 1427 1007 judicio
1462 938 1683 989 definiri.
1759 938 2127 992 Florentinum
2164 941 2395 1009 denique
2476 936 2503 991 γ’,

489 1023 785 1076 Concilium
849 1024 1122 1076 definivit:
1187 1023 1504 1075 Pontificem
1570 1023 1886 1087 Romanum,
1949 1042 2131 1076 verum
2195 1025 2391 1078 Christi

488 1111 779 1174 Vicarium,
812 1113 1082 1178 totiusque
1116 1110 1379 1161 Ecclesiae
1413 1114 1576 1178 caput
1609 1115 1665 1160 et
1701 1111 1940 1161 omnium
1979 1110 2391 1165 Christianorum
2488 1091 2505 1166 s.

488 1200 694 1263 patrem
728 1201 785 1248 et
818 1197 1084 1247 doctorem
1117 1197 1370 1258 existere3
1419 1199 1476 1246 et
1507 1196 1609 1263 ipsi
1643 1197 1702 1246 in
1734 1197 1889 1248 beato
1929 1196 2088 1248 Petro
2126 1198 2396 1266 pascendi,

487 1281 701 1348 regendi
740 1298 803 1332 ac
839 1281 1164 1350 gubernandi
1196 1281 1542 1333 universalem
1575 1281 1865 1333 Ecclesiam
1897 1300 1930 1334 a
1962 1283 2191 1335 Domino
2214 1287 2395 1337 nostro
2482 1355 2499 1361 Ἴ·

486 1365 523 1416 J
525 1382 615 1416 esu
642 1365 848 1418 Christo
873 1367 1086 1435 plenam
1111 1371 1430 1435 potestatem
1456 1367 1710 1418 traditam
1737 1386 1860 1419 esse.

634 1452 778 1503 Huic
840 1453 1091 1520 pastorali
1154 1453 1360 1503 muneri
1422 1457 1486 1503 ut
1543 1453 1918 1517 satisfacerent,
1977 1447 2396 1507 Praedecessores

489 1535 671 1587 Nostri
694 1538 1010 1588 indefessam
1036 1555 1238 1606 semper
1262 1555 1473 1605 operam
1504 1539 1777 1602 dederunt,
1811 1544 1875 1590 ut
1914 1539 2156 1591 salutaris
2197 1539 2391 1592 Christi
2490 1547 2499 1618 ²-

489 1621 727 1673 doctrina
764 1623 906 1694 apud
943 1639 1125 1674 omnes
1161 1627 1328 1672 terrae
1364 1623 1585 1690 populos
1610 1628 2000 1693 propagaretur,
2026 1625 2244 1693 parique
2268 1642 2394 1676 cura
2494 1658 2499 1674 1

489 1707 796 1777 vigilarunt,
822 1713 904 1771 ut,
928 1708 1021 1759 ubi
1054 1713 1264 1775 recepta
1300 1712 1450 1771 esset,
1492 1710 1689 1760 sincera
1727 1715 1784 1760 et
1821 1728 1951 1778 pura
1989 1715 2390 1764 conservaretur.
2496 1742 2509 1759 =

436 1862 441 1874 ἱ
490 1791 744 1852 Quocirca
769 1794 938 1845 totius
964 1792 1099 1843 orbis
1132 1793 1417 1844 Antistites
1453 1811 1594 1845 nunc
1633 1795 1849 1865 singuli,
1888 1813 2030 1847 nunc
2069 1797 2128 1847 in
2166 1795 2395 1866 Synodis
2458 1840 2459 1843 ,
2494 1799 2496 1803 ’

490 1880 814 1948 congregati,
872 1879 1086 1947 longam
1148 1878 1486 1930 ecclesiarum
1543 1881 1978 1932 consuetudinem
2035 1885 2092 1932 et
2143 1882 2395 1950 antiquae
2491 1910 2509 1954 3

488 1963 701 2034 regulae
758 1964 982 2015 formam
1042 1969 1332 2032 sequenteS,
1382 1982 1444 2015 ea
1497 1965 1803 2032 praesertim
1853 1967 2103 2033 pericula,
2151 1983 2287 2035 quae
2333 1967 2392 2018 in

488 2049 718 2118 negotiis
760 2049 887 2100 fidei
932 2049 1287 2116 emergebant,
1330 2050 1398 2100 ad
1440 2050 1575 2100 hanc
1621 2049 1806 2101 Sedem
1851 2051 2208 2119 Apostolicam
2250 2055 2395 2103 retu·

490 2133 683 2197 lerunt,
722 2138 788 2185 ut
823 2135 902 2186 ibi
941 2135 1280 2201 potissimum
1320 2136 1685 2185 resarcirentur
1723 2136 1916 2187 damna
1952 2136 2094 2199 fidei,
2131 2137 2226 2188 ubi
2264 2135 2395 2188 fides
2469 2129 2499 2206 '3

490 2235 596 2269 non
621 2224 796 2287 potest
821 2219 1014 2271 sentire
1044 2220 1349 2271 defectum.¹
1420 2220 1647 2271 Romani
1685 2224 1865 2271 autem
1905 2221 2203 2286 PontificeS,
2235 2225 2393 2289 prout
2487 2216 2509 2281 J

490 2309 791 2372 temporum
831 2308 887 2356 et
925 2321 1097 2355 rerum
1137 2305 1374 2356 conditio
1418 2305 1688 2367 suadebat,
1727 2321 1868 2356 nunc
1909 2307 2206 2358 convocatis
2239 2323 2395 2357 oecu-
2496 2311 2497 2314 ’

491 2390 714 2440 menicis
757 2388 1007 2441 Conciliis
1049 2394 1143 2439 aut
1185 2389 1453 2458 explorata
1494 2390 1757 2442 Ecclesiae
1793 2408 1884 2458 per
1919 2391 2095 2442 orbem
2132 2391 2394 2460 dispersae

490 2475 772 2538 sententia,
795 2491 938 2526 nunc
962 2492 1055 2543 per
1080 2474 1314 2543 Synodos
1338 2475 1698 2542 particulareS,
1723 2492 1865 2527 nunc
1891 2476 2028 2540 aliis,
2052 2493 2188 2544 quae
2211 2477 2392 2528 divina

491 2560 866 2629 suppeditabat
895 2559 1246 2627 providentia,
1278 2559 1534 2610 adhibitis
1573 2559 1807 2622 auxiliis,
1846 2577 1906 2611 ea
1944 2562 2172 2612 tenenda
2206 2561 2392 2613 defini-

490 2651 698 2708 verunt,
761 2662 892 2713 quae
956 2646 1112 2695 sacris
1177 2644 1463 2712 Scripturis
1528 2649 1583 2696 et
1646 2645 1946 2713 apostolicis
1999 2646 2394 2699 Traditionibus

491 2733 854 2792 consentanea,
897 2729 1008 2779 Deo
1057 2729 1314 2797 adjutore,
1359 2733 1727 2798 cognoverant.
1819 2729 2006 2797 Neque
2052 2732 2196 2782 enim
2245 2731 2391 2795 Petri

491 2815 865 2867 successoribus
908 2813 1140 2882 Spiritus
1183 2812 1409 2865 Sanctus
1451 2817 1735 2882 promissus
1775 2820 1873 2878 est,
1915 2820 1980 2866 ut
2022 2833 2082 2867 eo
2124 2816 2392 2867 revelante

492 2917 683 2951 novam
727 2899 1022 2950 doctrinam
1065 2899 1441 2965 patefacerent,
1482 2899 1571 2948 sed
1615 2902 1678 2948 ut
1722 2916 1782 2948 eo
1824 2901 2098 2951 assistente
2139 2901 2390 2952 traditam

489 3004 583 3054 per
618 2985 894 3053 Apostolos
932 2984 1307 3034 revelationem
1352 3001 1442 3034 seu
1486 2983 1610 3033 fidei
1654 2985 1954 3050 depositum
1998 2989 2176 3036 sancte
2218 2990 2392 3036 custo-

490 3072 666 3122 dirent
709 3074 765 3120 et
805 3069 1032 3120 fideliter
1081 3074 1413 3135 exponerent.
1503 3068 1734 3128 Quorum
1784 3071 1999 3136 quidem
2048 3070 2389 3137 apostolicam

491 3157 786 3207 doctrinam
827 3171 1005 3204 omnes
1044 3153 1363 3204 venerabiles
1397 3153 1580 3203 Patres
1613 3154 1843 3220 amplexi
1869 3159 1925 3204 et
1950 3156 2119 3205 sancti
2143 3155 2389 3206 Doctores

490 3241 767 3292 orthodoxi
801 3239 1034 3290 venerati
1067 3242 1229 3304 atque
1263 3238 1432 3288 secuti
1466 3242 1622 3296 sunt3
1662 3239 1965 3304 plenissime
1990 3240 2230 3303 scientes,
2254 3241 2389 3290 hanc

492 3327 660 3376 sancti
686 3325 835 3375 Petri
859 3323 1050 3375 Sedem
1075 3324 1142 3374 ab
1167 3324 1313 3373 omni
1348 3339 1547 3389 semper
1579 3340 1743 3373 errore
1775 3323 2039 3373 illibatam
2072 3340 2389 3390 permanere,

492 3411 780 3461 secundum
814 3409 1033 3460 Domini
1061 3407 1344 3458 Salvatoris
1368 3407 1534 3457 nostri
1560 3407 1796 3456 divinam
1820 3407 2259 3474 pollicitationem
2284 3410 2389 3459 dis-

491 3495 787 3561 cipulorum
821 3510 1030 3544 suorum
1062 3493 1290 3560 principi
1316 3493 1543 3543 factam:
1595 3495 1628 3521 “
1646 3492 1761 3560 Ego
1779 3493 1958 3561 rogavi
1983 3510 2076 3560 pro
2100 3499 2171 3555 te,
2195 3499 2259 3542 ut
2281 3510 2386 3543 non

491 3579 703 3629 deficiat
718 3578 848 3629 fides
862 3583 959 3628 tua
976 3598 987 3629 :
1009 3582 1064 3628 et
1078 3582 1142 3628 tu
1155 3577 1437 3645 aliquando
1451 3592 1724 3627 conversus
1739 3576 1987 3626 confirma
2002 3578 2183 3628 fratres
2199 3577 2385 3628 tuOS.”2

873 3681 891 3703 ²
914 3680 979 3721 Of.
1001 3681 1045 3721 S.
1068 3681 1193 3721 Ber-n.
1215 3681 1352 3734 Epist.
1376 3693 1465 3722 cxc.
1635 3679 1652 3701 ²
1676 3680 1779 3721 Luc.
1801 3680 1904 3720 xxii.
1929 3683 1994 3720 32.
