2534 4374
988 479 1263 521 Dscss‘m.
1956 462 2080 520 249

180 644 384 680 necnon
409 626 692 694 cujuslibet
715 626 920 696 generis
945 627 1214 689 scientiae,
1238 626 1305 677 ab
1330 626 1478 677 omni
1504 627 1775 696 religionis
1801 630 2085 680 traditione

181 730 386 783 prorsus
418 713 686 781 sejunctae
719 713 887 763 excoli
920 713 1163 763 debeant.
1239 712 1442 763 Pariter
1467 714 1748 781 rejicienda
1776 722 1855 765 est
1880 733 2085 782 serpens¹

182 796 434 848 hodierna
473 796 671 863 opinio,
714 796 854 863 quod
896 812 928 846 a
972 794 1257 846 Christiani
1300 795 1484 863 populi
1529 796 1717 848 scholis
1760 796 2086 849 Christianae

182 881 309 933 fidei
333 882 584 950 dogmata
620 882 824 948 possint
861 882 1040 931 arceri.
1116 881 1276 932 Hisce
1314 882 1596 949 praedictis
1628 887 1808 933 autem
1834 884 2088 934 erroribus

183 967 399 1019 omnino
424 966 751 1036 adjungendi
786 975 910 1018 sunt
943 984 1133 1018 errores
1164 984 1196 1017 a
1234 966 1496 1018 Pontifice
1523 967 1621 1019 Pio
1647 967 1747 1018 IX.
1764 968 2086 1036 jampridem

185 1052 548 1104 condemnati:
584 1051 825 1102 “Totum
856 1052 1148 1103 scholarum
1178 1052 1510 1120 publicarum
1537 1054 1792 1121 regimen,
1818 1054 1874 1103 in
1899 1053 2091 1121 quibus

175 1139 434 1206 juventus
461 1134 791 1188 Christianae
815 1136 1041 1204 alicujus
1066 1136 1408 1205 Reipublicae
1433 1139 1751 1200 instituitur,
1780 1139 2090 1206 episcopali-

184 1225 282 1275 bus
306 1223 588 1274 dumtaxat
621 1222 916 1273 seminariis
939 1221 1121 1290 aliqua
1144 1223 1348 1274 ratione
1373 1225 1622 1291 exceptis,
1647 1230 1822 1291 potest
1846 1242 1908 1274 ac
1933 1225 2090 1275 debet

184 1308 409 1360 attribui
434 1306 744 1358 auctoritati
769 1306 942 1366 civili3
980 1310 1036 1357 et
1072 1306 1152 1357 ita
1184 1307 1402 1374 quidem
1427 1307 1649 1358 attribui
1676 1314 1739 1358 ut
1763 1308 1970 1360 nullum
1995 1310 2088 1360 alii

186 1395 500 1461 cuicumque
556 1392 866 1444 auctoritati
930 1397 1330 1461 recognoscatur
1384 1392 1476 1460 jus
1533 1394 1868 1444 immiscendi
1924 1412 1975 1446 se
2034 1396 2088 1445 in

185 1479 466 1547 disciplina
490 1477 803 1541 scholarum,
836 1477 895 1528 in
931 1478 1188 1547 regimine
1214 1478 1527 1541 studiorum,
1559 1480 1617 1529 in
1650 1480 1907 1547 graduum
1933 1481 2091 1531 colla-

186 1565 350 1628 tione,
382 1565 441 1615 in
477 1564 687 1615 delectu
725 1567 822 1614 aut
864 1563 1243 1631 approbatione
1283 1563 1703 1631 magistrorum.'’
1777 1565 1994 1615 “Immo
2035 1568 2087 1616 in

184 1651 313 1718 ipsis
338 1650 644 1700 clericorum
670 1648 964 1699 seminariis
989 1647 1270 1699 methodus
1304 1649 1601 1699 studiorum
1625 1650 1921 1700 adhibenda
1945 1651 2089 1702 civili

186 1736 495 1788 auctoritati
522 1735 631 1804 subj
639 1733 848 1786 icitur.''
871 1734 888 1765 1

330 1824 379 1874 3.
429 1821 512 1872 Ad
555 1838 735 1871 curam
784 1820 986 1871 etenim
1035 1820 1352 1883 animarum,
1394 1837 1426 1870 a
1470 1819 1698 1871 Domino
1746 1827 1922 1872 nostro
1963 1821 1999 1872 J
2002 1839 2093 1873 esu

186 1907 393 1959 Christo
451 1907 719 1957 Ecclesiae
776 1922 900 1957 suae
957 1905 1055 1957 soli
1113 1904 1382 1968 collatam,
1431 1906 1672 1956 omnium
1722 1907 1779 1956 in
1829 1907 2093 1974 baptismo

184 1998 504 2055 renatorum,
543 1992 831 2060 cujuslibet
869 1991 1206 2054 conditionis,
1247 1990 1332 2042 vel
1371 1991 1603 2041 divitum
1652 1991 1736 2042 vel
1785 2009 2093 2059 pauperum,

185 2083 391 2147 spectat
438 2078 699 2128 educatio,
773 2076 922 2127 Haec
972 2092 1247 2143 supremae
1285 2075 1676 2143 jurisdictionis
1714 2078 2094 2145 praerogativa,

185 2162 477 2214 innumeris
501 2162 829 2213 Pontificum
866 2160 1308 2212 declarationibus
1344 2161 1722 2213 inviolabiliter
1746 2170 2094 2231 propugnata,

186 2266 350 2317 usque
376 2249 548 2300 adhuc
573 2249 740 2317 viget,
766 2264 1052 2315 omnesque
1090 2245 1287 2299 Christi
1312 2245 1492 2298 fideles
1517 2265 1549 2298 a
1574 2247 1762 2298 scholis
1787 2249 2093 2299 acatholicis

186 2339 395 2387 revocat
423 2334 785 2400 continetque.

330 2419 395 2470 In
429 2419 611 2470 Primo
639 2419 809 2488 igitur
843 2418 1394 2469 westmonasteriensi
1419 2416 1655 2469 Concilio
1681 2418 1882 2481 PatreS‚
1907 2420 1970 2469 de
1996 2420 2092 2470 hac

186 2523 427 2574 suprema
458 2523 512 2556 re
545 2504 954 2572 prudentissime
990 2503 1345 2565 decernentes,
1376 2520 1555 2554 omnes
1588 2503 1645 2553 in
1677 2503 1872 2571 Anglia
1897 2504 2092 2567 fideleS‚

187 2597 301 2642 tam
321 2591 516 2642 divites
531 2607 691 2658 quam
716 2605 988 2657 paupereS‚
1015 2589 1254 2640 districte
1279 2589 1478 2639 hortati
1503 2593 1645 2650 sunt,
1668 2593 1733 2639 ut
1757 2588 1893 2639 filios
1917 2590 2094 2657 pupil-

186 2677 368 2744 losque
394 2694 512 2728 suos
549 2676 617 2728 ab
654 2675 802 2726 omni
826 2679 1079 2726 contactu
1112 2674 1435 2725 acatholicae
1469 2675 1795 2725 educationis
1828 2675 2009 2726 sedulo
2032 2693 2094 2726 ac

187 2766 366 2814 sancte
405 2762 755 2813 continerent.
853 2760 1001 2811 Inter
1047 2760 1336 2828 primordia
1373 2761 1698 2810 instauratae
1739 2760 2094 2822 Hierarchiae,

187 2847 406 2898 consilia
439 2848 780 2910 conferenteS‚
818 2847 886 2897 ad
922 2846 1123 2897 clerum
1160 2846 1630 2914 promulgaverunt
1662 2846 1867 2896 monita
1898 2847 2096 2914 gravis-

187 2933 340 2996 sima,
379 2932 571 2999 quibus
621 2931 909 2983 sacerdotes
958 2931 1279 2982 missionarii
1327 2935 1639 2998 urgerentur
1687 2934 1751 2980 ut
1799 2930 1997 2981 scholas
2038 2932 2093 2980 in

188 3018 412 3083 singulis
437 3017 774 3068 missionibus
807 3018 876 3068 ad
908 3034 1203 3085 pauperum
1232 3015 1433 3084 prolem
1468 3014 1738 3066 Catholice
1768 3016 2092 3066 educandam

189 3104 447 3171 erigerent
481 3107 537 3153 et
568 3102 1006 3170 multiplicarent.
1081 3102 1306 3169 Insuper
1337 3102 1618 3152 voluerunt
1652 3099 1876 3151 Concilii
1915 3101 2095 3150 Patre>=

188 3194 251 3240 ut
293 3189 430 3240 aliae
470 3191 636 3240 etiam
681 3190 904 3253 scholae,
947 3191 1006 3240 in
1054 3189 1247 3256 quibus
1295 3188 1542 3239 honestae
1585 3187 1904 3237 conditionis
1946 3187 2092 3252 pueri

189 3276 399 3327 educari
423 3280 653 3342 possent,
678 3275 857 3326 sedulo
892 3275 1316 3343 providerentur3
1354 3272 1701 3338 omnibusque
1726 3271 2098 3338 praedicatori-

189 3363 287 3413 bus
312 3364 368 3411 et
392 3360 734 3422 confessariiS,
760 3365 816 3411 et
840 3360 982 3410 inter
1017 3358 1430 3426 praedicandum
1464 3361 1520 3407 et
1558 3357 1616 3405 in
1660 3373 1802 3406 sacro
1841 3355 2091 3405 tribunali

189 3445 508 3507 sedentibUS,
541 3444 902 3512 injunxerunt,
935 3450 997 3494 ut
1033 3444 1099 3494 de
1134 3443 1447 3493 necessitate
1472 3442 1616 3503 fidei,
1642 3442 1705 3491 de
1731 3445 2010 3507 parentum
2036 3440 2092 3489 in

190 3531 330 3583 filios
354 3530 557 3594 officiis,
583 3532 751 3599 deque
776 3531 978 3582 ratione
1002 3530 1114 3580 Deo
1139 3530 1197 3579 in
1222 3528 1464 3578 districto
1490 3543 1582 3576 suo
1599 3525 1808 3593 judicio
1833 3524 2096 3575 reddenda

750 3682 765 3706 ¹
790 3682 872 3722 Pii.
894 3682 995 3732 IX.‚
1019 3680 1217 3733 Syllabas,
1239 3678 1363 3731 Prop.
1385 3678 1450 3727 45,
1474 3679 1540 3717 46.
