2534 4374
426 423 557 482 368
1208 439 1451 484 Anmmo
1496 442 1561 485 11.

418 583 925 640 ,Sacramentorum
967 580 1528 637 administrationem
1569 584 1875 680 pertinent,
1917 586 2340 656 jurisdictioni,

427 668 762 734 visitationi,
787 674 836 721 et
862 665 1189 721 correctioni
1213 666 1478 738 episcopi,
1520 667 1591 722 in
1629 670 1793 739 cujus
1843 671 2051 725 diocesi
2076 677 2346 742 praedicta

427 756 747 806 monasteria
769 757 907 806 sunt
930 751 1060 816 sita,
1086 754 1320 821 exceptis
1339 755 1657 806 dumtaxat*
1641 757 1710 807 iis
1728 761 2060 810 monasteriis
2086 778 2174 811 seu
2199 759 2346 825 locis,

428 840 497 893 in
540 838 744 909 quibus
793 836 1026 890 Abbates
1077 835 1381 902 Generales,
1431 844 1536 891 aut
1581 839 1787 910 Capita
1841 842 2124 896 Ordinum
2167 844 2348 898 sedem

429 924 792 978 ordinariam
826 921 1214 994 principalem
1253 921 1470 988 habent,
1495 929 1660 993 atque
1683 924 1820 978 aliis
1844 927 2222 994 monasteriis,
2246 947 2344 983 seu

431 1010 706 1075 domibus,
731 1008 801 1062 in
825 1007 1031 1078 quibus
1056 1007 1306 1072 Abbates,
1331 1013 1436 1061 aut
1468 1007 1579 1061 alii
1619 1010 1991 1078 Reqularium
2016 1012 2345 1083 Superiores

423 1093 883 1164 jurisdictionem
923 1091 1333 1162 Episcopalem‚
1377 1098 1425 1145 et
1463 1094 1824 1164 temporalem
1864 1095 1934 1148 in
1966 1098 2261 1168 parochos,
2301 1105 2349 1152 et

423 1180 802 1252 parochianos
830 1184 1110 1242 eaeercent‚·
1159 1177 1310 1231 salvo
1336 1184 1526 1232 tamen
1550 1196 1745 1232 eorum
1768 1180 2186 1252 Episcoporum
2198 1183 2350 1254 jure,

431 1265 535 1336 qui
558 1266 828 1334 majorem
852 1263 922 1318 iai
955 1261 1256 1334 praedicta
1298 1262 1433 1328 loca,
1473 1264 1554 1317 vel
1588 1282 1865 1335 personas
1887 1266 2351 1335 jurisdictionem

436 1356 694 1404 exercent.

574 1440 627 1488 4.
678 1435 815 1488 Cum
838 1437 1023 1504 itaque
1058 1436 1303 1487 nonnulli
1343 1437 1635 1489 sacerdotes
1673 1437 1743 1489 ab
1782 1439 2070 1507 episcopali
2100 1439 2352 1508 jurisdic—

431 1524 580 1574 tione
629 1523 884 1590 exempti,
927 1537 1059 1588 quos
1106 1537 1281 1588 neque
1328 1521 1599 1589 parochos,
1636 1539 1807 1590 neque
1850 1525 2150 1575 animarum
2198 1542 2353 1576 curae

426 1610 674 1660 addictos
713 1625 824 1659 esse
865 1610 1147 1671 constaret,
1180 1608 1299 1658 ausi
1338 1607 1563 1658 fuissent
1602 1607 1870 1675 aliquibus
1911 1607 2352 1661 Christifidelium

433 1693 791 1746 matrimoniis
815 1694 1085 1756 interesse,
1105 1693 1219 1744 sine
1241 1692 1457 1760 praevia
1475 1693 1711 1760 episcopi
1735 1697 1833 1743 aut
1856 1693 2071 1761 parochi
2097 1693 2351 1758 licentia,-
2399 1721 2401 1723 ·

427 1780 734 1848 quaesitum
758 1778 885 1841 fuit,
908 1782 1094 1828 utrum
1118 1777 1209 1846 huj
1217 1778 1429 1829 usmodi
1453 1779 1787 1829 sacerdotum
1811 1779 2081 1843 correctio,
2107 1784 2271 1848 atque
2294 1781 2355 1832 in

433 1865 647 1916 eosdem
671 1862 1056 1913 animadversio
1080 1862 1149 1913 ad
1174 1863 1500 1930 episcopum,
1514 1879 1584 1913 an
1602 1880 1723 1914 vero
1747 1864 1816 1914 ad
1841 1881 2022 1915 eorum
2049 1865 2353 1932 superioreS‚

434 1949 698 2018 privative
722 1950 1022 2016 spectaret3
1059 1964 1290 2015 cumque
1313 1948 1356 1998 ii
1379 1948 1708 2016 privativum
1753 1948 2015 2016 ejusmodi
2048 1949 2141 2018 jus
2184 1966 2249 2001 ex
2292 1967 2356 2002 eo

435 2036 772 2096 deducerent,
797 2032 939 2100 quod
970 2031 1284 2084 Tridentina
1324 2033 1552 2102 synodus
1588 2031 1704 2085 loco
1745 2032 1836 2085 cit.
1863 2035 1996 2084 dum
2038 2035 2354 2086 facultatem

435 2120 630 2171 tribuit
672 2118 931 2185 episcopis
971 2117 1285 2186 corrigendi,
1325 2122 1382 2168 et
1423 2117 1684 2185 puniendi
1728 2118 2018 2169 sacerdotes
2061 2119 2130 2169 ab
2169 2135 2355 2170 eorum

423 2265 426 2268 ⁴
429 2203 802 2274 jurisdictione
849 2206 1141 2270 exemptos,
1183 2203 1242 2253 in
1283 2202 1385 2267 his,
1428 2220 1564 2271 quae
1606 2204 1675 2254 ad
1716 2205 2017 2254 animarum
2060 2221 2260 2268 curam,
2299 2209 2356 2255 et

439 2290 897 2343 Sacramentorum
945 2287 1465 2339 administrationem
1513 2288 1804 2356 pertinent,
1849 2288 1915 2339 de
1962 2288 2030 2340 iis
2073 2289 2356 2340 dumtaxat

439 2373 795 2426 sacerdotibus
819 2371 1074 2440 loquitur,
1098 2372 1194 2441 qui
1217 2372 1304 2424 vel
1327 2373 1544 2441 parochi
1570 2377 1713 2437 sunt,
1738 2373 1824 2424 vel
1847 2372 2148 2424 animarum
2172 2390 2356 2424 curam

439 2462 700 2521 exercent,
741 2456 1043 2525 cujusmodi
1093 2473 1216 2509 sane
1264 2457 1308 2507 ii
1354 2474 1462 2509 non
1505 2461 1673 2520 erant,
1716 2458 1784 2508 de
1825 2458 2019 2525 quibus
2062 2457 2353 2527 agebatur:

439 2545 654 2596 futilem
678 2544 833 2606 hanc,
859 2559 1156 2611 vanamque
1188 2543 1675 2610 praesumptionem
1713 2543 1990 2610 reprimere
2029 2543 2226 2594 statuit
2264 2543 2353 2594 fel.

439 2647 537 2682 rec.
566 2628 935 2679 Praedecessor
964 2631 1142 2678 noster
1166 2626 1454 2695 Gregorius
1478 2627 1628 2694 Papa
1652 2626 1772 2678 XV.
1796 2643 1859 2677 ac
1884 2627 1948 2677 de
1973 2620 2194 2678 consilio
2221 2625 2357 2679 Con-

436 2713 766 2784 gregationis
807 2711 954 2763 Sacri
981 2711 1206 2764 Concilii
1230 2711 1534 2762 Tridentini
1570 2712 1891 2778 interpretiS,
1915 2711 2063 2762 edita
2096 2712 2358 2764 constitu-

441 2801 607 2862 tione,
632 2814 768 2866 quae
808 2797 1003 2864 incipit
1036 2801 1072 2827 ‘⁶
1090 2794 1508 2858 Inscrutabili,''
1534 2796 1661 2846 data
1702 2797 1856 2847 nonis
1899 2795 2176 2848 Februarii
2217 2814 2356 2848 anno

443 2884 830 2937 Incarnationis
871 2882 1187 2933 Dominicae
1228 2879 1575 2932 MDCXXII.
1601 2881 1836 2932 decrevit
1873 2898 1935 2932 ac
1959 2882 2265 2946 declaravit,
2288 2888 2356 2935 ut

436 2969 700 3038 ⁴deinceps
743 2972 862 3019 tam
900 2964 1199 3034 requlares,
1241 2980 1416 3033 quam
1457 2964 1781 3029 saeculares,
1822 2964 2226 3033 quomodolibet
2266 2983 2356 3018 ex-

437 3052 619 3123 empti
687 3050 800 3105 sive
867 3049 1206 3102 animarum
1266 3065 1467 3101 curam
1535 3065 1914 3119 personarum
1972 3048 2355 3102 saecularium

436 3135 820 3201 monasteriis,
859 3152 959 3188 seu
1002 3132 1262 3187 domibus
1300 3130 1675 3202 reqularibus,
1725 3140 1829 3187 aut
1878 3133 2170 3205 quibusvis
2218 3133 2355 3188 aliis

445 3223 697 3287 ecclesiis,
745 3220 829 3274 vel
886 3217 1178 3287 beneficiis,
1226 3216 1340 3270 sive
1386 3217 1760 3286 reqularibus‚
1809 3217 1923 3271 sive
1971 3218 2356 3272 saecularibus

444 3310 857 3365 incumbentem
900 3308 1195 3369 ewerceant,
1234 3302 1347 3357 sive
1387 3303 1525 3357 aliis
1567 3302 1931 3357 ecclesiastica
1973 3287 2354 3371 Sacramenta,

445 3403 550 3452 aut
587 3381 778 3449 unum
817 3411 881 3446 em
917 3391 1039 3445 illis
1078 3388 1422 3455 ministrent,
1453 3388 1695 3460 praevia
1733 3388 1984 3459 episcopi
2023 3388 2267 3454 licentia,
2306 3395 2356 3442 et

440 3480 865 3553 approbatione,
890 3477 1004 3531 sive
1029 3493 1250 3546 quoquo
1273 3475 1439 3528 modo
1462 3474 1533 3527 iai
1556 3473 1734 3527 dictae
1758 3491 1924 3527 curae
1956 3473 2227 3539 eccercitio,
2251 3480 2355 3527 aut

446 3568 516 3621 in
540 3565 860 3619 eorumdem
883 3563 1394 3624 Sacramentorum,
1419 3558 1501 3612 vel
1525 3558 1772 3627 alicujus
1808 3575 1872 3610 ex
1913 3557 2036 3611 illis
2074 3558 2355 3612 adminis—

447 3650 686 3705 tratione
711 3648 777 3702 de
791 3649 968 3719 facto,
992 3646 1196 3718 absque
1218 3643 1343 3698 ulla
1366 3642 1712 3708 auctoritate,
1737 3660 1792 3696 se
1815 3641 2113 3712 ingemunt,-
2155 3642 2225 3696 iai
2246 3642 2354 3709 his,

2521 1090 2534 1163 „mi-
2530 1074 2534 1076 .
2507 989 2534 1062 ’.Α-ι
2527 967 2534 974 -.
2512 693 2534 957 manaae-zm·
2497 285 2534 718 *”1.ηκ.1ὰΞ,Ἇ,ν1-ΜἪ*3“”Ξᾈ“
2499 188 2534 275 *31*
2499 143 2516 179 ’ᾧ
2497 72 2509 89 ⁴⁸
2506 43 2515 62 ⁸
2496 14 2515 32 ἐτ’
