2534 4374
457 398 579 454 114
1022 411 1183 453 conc,
1228 410 1396 454 Pnov.
1441 410 1663 454 wEer.
1710 412 1774 454 11.

437 558 802 610 declaratione
841 576 935 627 pro
977 573 1211 626 expresse
1236 557 1519 625 prohibitis
1562 557 1743 609 haberi
1787 558 2032 611 volumus
2058 563 2115 611 et
2138 560 2360 612 manda-

451 643 618 694 mus‚”

593 727 786 779 Omnes
805 732 987 778 autem
1002 730 1200 777 norunt
1214 731 1416 794 quanto
1433 727 1611 778 studio
1629 727 1759 779 haec
1775 729 1841 780 de
1860 729 2217 782 Immaculata
2231 731 2359 784 Dei-

449 829 604 879 parae
640 813 874 882 Virginis
920 811 1274 879 Conceptione
1314 812 1554 862 doctrina
1597 829 1629 863 a
1659 815 2059 880 spectatissimis
2097 817 2358 885 religiosis

449 896 687 959 familiis,
704 901 759 947 et
784 896 1150 947 celebrioribus
1175 896 1491 965 theologicis
1515 899 1802 950 academiis
1827 917 1888 951 ac
1914 902 2358 968 praetantissimis

449 1002 622 1035 rerum
642 984 940 1034 divinarum
959 981 1183 1032 scientia
1202 982 1503 1034 doctoribus
1528 983 1691 1034 fuerit
1706 985 1924 1049 tradita,
1943 990 2139 1038 asserta
2153 1004 2215 1038 ac
2239 1005 2360 1055 pro-

448 1074 702 1138 pugnata.
797 1066 991 1117 Omnes
1036 1068 1230 1134 pariter
1272 1072 1470 1118 norunt
1517 1075 1845 1138 quantopere
1888 1071 2107 1122 solliciti
2155 1073 2356 1124 fuerint

449 1170 708 1203 sacrorum
732 1152 1017 1203 Antistites
1042 1152 1125 1202 vel
1148 1152 1207 1202 in
1230 1153 1360 1220 ipsis
1397 1153 1765 1206 ecclesiasticis
1803 1157 2149 1208 conventibus
2178 1157 2358 1224 palam

448 1238 763 1305 publiceque
814 1237 1065 1304 profiteri,
1108 1236 1511 1289 Sanctissimam
1560 1239 1662 1290 Dei
1707 1239 2040 1293 Genitricem
2076 1242 2355 1312 Virginem

449 1323 678 1372 Mariam
698 1323 765 1373 ob
782 1322 1018 1389 praevisa
1036 1321 1232 1373 Christi
1247 1322 1468 1374 Domini
1486 1323 1858 1392 Redemptoris
1875 1327 2067 1378 merita
2080 1343 2357 1396 nunquam

449 1408 693 1477 originali
719 1407 1038 1474 subjacuisse
1062 1412 1298 1475 peccat0,
1332 1410 1422 1459 sed
1451 1415 1837 1476 praeservatam
1862 1413 2079 1463 omnino
2103 1413 2264 1464 fuisse
2287 1414 2356 1465 ab

439 1493 667 1562 *originis
703 1493 839 1556 labe,
876 1498 932 1543 et
966 1493 1161 1544 idcirco
1199 1493 1494 1544 sublimiori
1533 1495 1690 1546 modo
1726 1496 2071 1564 redemptam.
2155 1496 2358 1558 Quibus

448 1579 582 1629 illud
618 1579 851 1646 profecto
876 1579 1264 1648 gravissimum,
1289 1583 1346 1630 et
1371 1580 1589 1631 omnino
1613 1583 1908 1632 maximum
1933 1583 2156 1646 accedit,
2181 1584 2356 1650 ipsam

447 1681 655 1731 quoque
699 1663 1066 1714 Tridentinam
1110 1662 1402 1732 Synodum,
1445 1681 1570 1715 cum
1614 1666 1981 1734 dogmaticum
2025 1668 2092 1718 de
2134 1671 2354 1735 peccato

439 1750 691 1818 originali
735 1750 912 1800 ederet
954 1749 1243 1814 decretum,
1286 1767 1390 1817 quo
1431 1750 1594 1818 juxta
1637 1769 1897 1803 sacrarum
1946 1752 2357 1822 Scripturarum‚

448 1840 848 1903 sanctorumque
888 1834 1129 1898 Patrum,
1173 1851 1235 1885 ac
1279 1835 1769 1902 probatissimorum
1808 1836 2164 1890 Conciliorum
2202 1840 2357 1890 testi-

446 1922 625 1972 monia
663 1921 872 1983 statuit,
897 1937 958 1970 ac
983 1919 1245 1983 definivit,
1271 1937 1452 1971 omnes
1484 1920 1725 1972 homines
1750 1923 1896 1973 nasci
1921 1923 2170 1992 originali
2197 1924 2356 1992 culpa

447 2007 685 2069 infectOS,
710 2010 892 2056 tamen
930 2004 1233 2055 solemniter
1269 2005 1573 2069 declarasse,
1598 2022 1706 2056 non
1742 2023 1851 2057 6886
1890 2025 2012 2058 suae
2040 2009 2356 2059 intentionis

448 2093 506 2142 in
531 2093 738 2143 decreto
756 2093 889 2160 ipso,
907 2094 1163 2158 tantaque
1188 2090 1516 2143 definitionis
1539 2092 1900 2160 amplitudine
1918 2093 2356 2161 comprehendere

450 2179 674 2231 Beatam
713 2183 769 2229 et
811 2177 1223 2228 Immaculatam
1262 2177 1540 2246 Virginem
1588 2177 1691 2228 Dei
1735 2177 2062 2229 Genitricem
2103 2179 2352 2230 Mariam.

449 2266 566 2316 Hac
610 2266 751 2316 enim
795 2263 1146 2315 declaratione
1186 2262 1490 2313 Tridentini
1526 2262 1727 2326 Patres,
1764 2263 1938 2331 ipsam
1976 2263 2354 2315 Beatissimam

448 2351 723 2420 Virginem
763 2350 830 2400 ab
871 2348 1117 2418 originali
1160 2347 1278 2399 labe
1321 2347 1549 2399 solutam
1591 2365 1685 2415 pro
1727 2365 1903 2399 rerum
1946 2352 2355 2417 temporumque

445 2437 532 2504 adj
540 2437 716 2487 unctis
759 2436 886 2486 satis
928 2435 1237 2496 innuerunt,
1279 2437 1442 2501 atque
1477 2433 1607 2484 adeo
1650 2434 1923 2501 perspicue
1967 2432 2353 2502 significarunt,

448 2523 586 2573 nihil
612 2540 674 2574 ex
699 2522 895 2573 divinis
921 2520 1159 2583 Litteris,
1182 2518 1322 2570 nihil
1352 2535 1416 2569 ex
1441 2518 1746 2581 traditione,
1771 2518 2099 2586 Patrumque
2123 2519 2354 2570 auctori-
2374 2532 2377 2534 ·

447 2613 562 2659 tate
597 2609 699 2659 rite
735 2607 884 2658 afferi
919 2623 1085 2674 posse,
1109 2605 1252 2673 quod
1280 2607 1462 2655 tantae
1486 2603 1724 2673 Virginis
1748 2604 2143 2672 praerogativae
2166 2605 2351 2672 quovis

448 2697 605 2747 modo
629 2696 932 2764 refragetur.

592 2781 666 2831 Et
689 2797 744 2830 re
762 2781 978 2848 quidem
995 2795 1115 2830 vera
1131 2778 1269 2829 hanc
1287 2778 1356 2829 de
1373 2776 1728 2828 Immaculata
1747 2775 2095 2827 Beatissimae
2113 2776 2351 2846 Virginis

450 2865 802 2934 Conceptione
851 2865 1142 2916 doctrinam
1194 2862 1435 2931 quotidie
1481 2861 1654 2930 magis
1714 2861 2023 2930 gravissimo
2084 2862 2350 2913 Ecclesiae

450 2973 620 3017 sensu,
662 2954 984 3022 magisteriO,
1027 2952 1222 3015 studi0,
1259 2951 1497 3014 scientia,
1534 2966 1596 3000 ac
1632 2949 1894 3017 sapientia
1930 2954 2045 3000 tam
2078 2950 2351 3017 splendide

450 3041 786 3108 explicatam,
824 3038 1160 3100 declaratam,
1197 3036 1581 3098 confirmatam,
1607 3037 1663 3084 et
1698 3035 1842 3101 apud
1879 3051 2060 3085 omnes
2097 3035 2348 3086 catholici

449 3127 586 3179 orbis
621 3125 843 3194 populos
878 3140 940 3174 ac
975 3123 1216 3173 nationes
1248 3120 1552 3171 mirandum
1575 3119 1634 3169 in
1657 3120 1877 3170 modum
1901 3124 2266 3189 propagatam,
2290 3121 2350 3171 in

449 3215 563 3280 ipsa
599 3210 806 3261 Eclesia
841 3224 1043 3275 semper
1079 3205 1339 3257 exstitisse
1375 3203 1546 3255 veluti
1580 3220 1612 3254 a
1649 3203 1752 3271 maj
1760 3203 1933 3254 oribus
1969 3209 2263 3272 acceptam,
2285 3222 2348 3256 ac

450 3297 706 3348 revelatae
745 3294 1013 3346 doctrinae
1054 3292 1351 3342 charactere
1390 3289 1716 3358 insignatam
1758 3287 1987 3339 illustria
2025 3290 2349 3341 venerandae

451 3381 790 3449 antiquitatis
839 3377 1106 3430 Ecclesiae
1154 3375 1438 3429 Orientalis
1487 3378 1544 3425 et
1592 3372 1948 3424 Occidentalis
2002 3379 2348 3427 monumenta

451 3467 772 3518 validissime
796 3468 1074 3515 testantur.
1150 3460 1345 3512 Christi
1364 3460 1507 3510 enim
1533 3458 1768 3508 Ecclesia
1793 3458 1973 3508 sedula
1987 3459 2346 3526 depositorum

450 3553 593 3621 apud
635 3568 687 3602 se
725 3551 1037 3619 dogmatum
1075 3551 1249 3599 custos
1283 3550 1340 3598 et
1363 3545 1573 3607 vindex,
1597 3542 1735 3593 nihil
1770 3543 1828 3593 in
1865 3543 1948 3593 his
1972 3561 2208 3611 unquam
2231 3561 2346 3612 per-

450 3641 645 3700 mutat,
686 3636 822 3686 nihil
869 3635 1085 3697 minuit,
1133 3632 1271 3684 nihil
1318 3631 1487 3693 addit,
1535 3630 1626 3680 sed
1673 3629 1820 3678 omni
1867 3628 2128 3679 industria
2168 3633 2345 3680 vetera

447 3723 677 3775 fideliter
720 3721 1081 3788 sapienterque
1129 3717 1405 3768 tractando
1465 3715 1511 3766 si
1561 3731 1667 3777 qua
1714 3713 2011 3778 antiquitus
2058 3713 2343 3764 informata
