2534 4374
668 449 1011 494 INSTRUC'I'IO
1055 451 1236 495 SUPER
1278 454 1612 499 BINATIONE.
1973 442 2094 503 391

182 602 216 630 “
234 600 615 667 praetermissis
640 600 915 652 subdimus
951 602 1079 654 haec
1119 605 1356 674 intelligi
1382 624 1529 675 posse
1555 610 1621 660 de
1648 609 1755 661 illis
1780 610 2092 680 privilegiis,

183 688 218 715 ‘⁶
238 701 371 752 quae
408 686 683 754 impetrari
722 687 1021 754 potuissent·
1044 706 1076 740 a
1102 689 1235 742 Sede
1261 692 1583 760 Apostolica,
1609 696 1653 745 si
1679 696 1800 764 quis
1826 713 1887 746 66
1913 704 2094 763 postu-

181 774 215 800 “
235 770 393 821 lasset
408 789 423 833 3
458 789 565 823 non
592 788 711 823 vero
735 773 803 824 de
826 774 913 836 iis,
937 791 1071 842 quae
1097 793 1221 827 cum
1264 779 1622 845 postulantur,
1649 782 1829 850 negari
1875 782 2092 832 omnino

182 858 216 885 “
233 862 632 921 consueverunt,
657 875 726 909 ne
749 860 1115 927 praesumptio
1140 861 1260 929 plus
1286 863 1480 915 habeat
1504 866 1700 917 roboris
1738 872 1795 918 et
1831 868 2090 917 momenti

184 944 219 971 ‘⁶
236 950 397 1009 quam
435 942 678 995 veritas?
753 943 887 996 Ond‘
931 946 960 996 e
1003 946 1100 996 che
1139 949 1350 1014 quando
1391 948 1444 999 la
1485 948 1538 1000 S.
1567 949 1989 1020 Congregazione
2031 953 2098 1002 ha

184 1029 488 1079 conosciuto
512 1028 609 1080 che
633 1030 692 1080 in
715 1030 942 1098 qualche
967 1031 1127 1100 luogo
1153 1032 1287 1084 fosse
1324 1035 1527 1085 invalsa
1552 1035 1605 1086 la
1630 1037 2018 1088 consuetudine
2044 1038 2098 1087 di

186 1110 368 1163 binare
408 1113 461 1164 la
503 1113 679 1166 Messa
722 1132 875 1166 senza
917 1118 1195 1181 necessita,
1237 1135 1344 1170 non
1382 1118 1450 1170 ha
1486 1127 1732 1171 mancato
1758 1123 1814 1173 di
1841 1123 2101 1190 riprovare

181 1199 566 1251 consuetudine
591 1200 649 1251 di
675 1200 755 1251 tal
781 1200 921 1251 satta
946 1202 1172 1253 siccome
1195 1220 1270 1254 un
1296 1204 1478 1268 abuSO‚
1502 1207 1778 1258 eccitando
1805 1207 1857 1259 lo
1882 1207 1993 1258 zelo
2018 1208 2104 1258 dei

185 1283 410 1336 Vescovi
435 1286 504 1336 ad
530 1285 846 1337 eliminarla.

328 1393 379 1442 8.
427 1389 486 1442 4⁰
510 1391 693 1444 Anche
716 1391 770 1443 16
794 1395 1012 1461 poverta
1036 1395 1120 1445 dei
1146 1397 1283 1463 preti
1299 1397 1326 1447 e
1348 1396 1452 1447 ben
1471 1396 1623 1464 lungi
1656 1398 1744 1449 dal
1779 1398 2102 1467 giustificare

71 1501 82 1507 -
184 1476 237 1527 la
278 1476 556 1528 binazione
592 1477 733 1528 della
768 1478 962 1543 Messa,
999 1497 1149 1531 come
1186 1482 1277 1550 gia
1315 1482 1359 1532 si
1397 1484 1624 1534 accennb
1662 1483 1750 1533 dal
1791 1483 2099 1535 Verricelli.¹

187 1561 275 1613 Un
299 1562 642 1614 Arcivescovo
667 1562 935 1615 d’Irlanda
959 1565 1211 1617 dimandb
1248 1567 1337 1618 nel
1379 1569 1516 1620 1688
1545 1586 1598 1619 se
1622 1586 1715 1636 per
1740 1568 1792 1620 la
1817 1568 1925 1619 sola
1951 1586 2105 1619 causa

182 1648 370 1699 “della
395 1651 613 1716 poverta
635 1667 857 1718 possono
882 1651 924 1701 li
950 1651 1196 1721 Regolari
1221 1653 1481 1704 celebrare
1507 1654 1611 1704 due
1637 1654 1806 1704 Messe
1825 1654 1914 1704 nei
1933 1654 2103 1722 giomi

184 1734 426 1798 “festivi,
459 1735 731 1787 facendolo
767 1736 908 1788 nelle
945 1754 1060 1789 case
1097 1738 1303 1806 private
1340 1756 1446 1790 non
1484 1743 1693 1790 ostante
1732 1740 1827 1790 che
1871 1743 2017 1790 tutte
2058 1740 2106 1789 le

185 1820 526 1887 “parrocchie
551 1838 581 1871 e
604 1820 647 1870 li
672 1823 922 1873 conventi
947 1823 1174 1874 abbiano
1199 1823 1250 1875 16
1275 1823 1384 1875 loro
1409 1825 1583 1875 chiese
1613 1842 1641 1875 e
1667 1823 1954 1892 cappelle.”
2030 1826 2106 1875 La

183 1904 408 1972 risposta
431 1905 570 1956 della
592 1905 649 1976 S.
677 1904 1098 1977 Congregazione
1123 1910 1183 1959 fu
1207 1911 1489 1978 negativa3
1528 1911 1594 1961 ed
1619 1911 1879 1961 essendosi
1904 1911 2105 1961 riferito

184 1990 322 2040 nelle
347 1990 450 2041 due
474 1991 778 2059 particolari
818 1991 1232 2063 Congregazioni
1270 1996 1327 2061 di
1366 1995 1715 2065 Propoganda
1752 1996 1840 2046 dei
1867 1994 1896 2047 7
1925 1996 2105 2046 Marzo

188 2074 345 2138 1743,
370 2093 400 2127 e
425 2078 493 2126 28
521 2076 718 2145 Luglio
747 2076 886 2130 1750
911 2079 1008 2130 che
1033 2084 1239 2131 tuttora
1263 2081 1453 2149 vigeva
1485 2082 1543 2132 in
1572 2082 1785 2133 Irlanda
1809 2081 1852 2132 il
1876 2081 2105 2133 divisato

182 2162 362 2226 abuso,
378 2162 569 2230 perche
584 2164 741 2215 molti
759 2163 1030 2217 Sacerdoti
1050 2166 1095 2216 si
1114 2166 1387 2217 servivano
1425 2171 1459 2198 ‘⁶
1475 2167 1614 2218 della
1634 2167 1829 2218 facolta
1848 2167 1904 2218 di
1924 2168 2106 2219 binare

184 2251 336 2299 “non
359 2265 454 2316 per
476 2248 612 2299 altro
636 2250 743 2300 fine
768 2250 863 2300 che
888 2250 946 2301 di
971 2267 1092 2301 aver
1114 2250 1361 2302 limosine
1385 2253 1483 2320 piu
1502 2253 1848 2316 abbondanti‚
1869 2269 1897 2303 e
1916 2254 2104 2321 quindi

183 2334 423 2402 “potersi
447 2335 544 2402 piu
568 2335 970 2386 comodamente
995 2336 1331 2400 sostent-are‚’'
1373 2337 1452 2405 gli
1486 2337 1599 2388 EE.
1627 2337 1735 2389 ΡΡ.
1762 2339 2102 2390 ordinatono:

185 2417 440 2472 Graviter
462 2424 804 2472 'moneantur
840 2419 1176 2486 Sacerdotes,
1209 2438 1280 2474 ne
1294 2421 1569 2491 facultate
1593 2422 1904 2475 celebrandi
1930 2422 2013 2476 bis
2036 2422 2105 2475 in

183 2503 276 2556 die
310 2503 640 2570 abutantur,
678 2510 743 2557 ut
778 2504 1135 2576 stipendium
1179 2505 1400 2576 laryius
1439 2512 1486 2559 et
1520 2506 1813 2578 pinyuius
1853 2507 2103 2562 habeant.

183 2591 230 2642 E
255 2592 324 2643 da
348 2592 545 2643 Bened.
573 2592 747 2644 XIV.2
768 2594 1024 2645 chiamasi
1060 2592 1273 2657 abusus
1298 2592 1671 2646 intolerabilis
1697 2595 1873 2663 quello
1900 2597 1956 2647 di
1982 2597 2104 2647 dare

182 2678 252 2729 ad
275 2694 351 2728 un
377 2677 657 2729 Sacerdote
682 2678 735 2728 16
771 2678 967 2729 facolta
1003 2679 1061 2730 di
1098 2679 1280 2730 binare
1317 2696 1448 2731 eum
1482 2677 1552 2732 ‘z'sn
1563 2680 1765 2750 finem,
1789 2685 1857 2733 ut
1882 2679 2105 2751 duplici

183 2762 520 2831 eleemosyna
540 2763 824 2817 decentius
843 2781 897 2816 se
915 2763 1294 2816 substentaret.
1371 2764 1494 2816 Solo
1513 2766 1581 2816 ad
1601 2783 1750 2816 usare
1767 2783 1841 2817 un
1858 2768 2103 2835 riguardo

182 2851 237 2901 ai
261 2850 515 2919 Religiosi
540 2852 720 2918 poveri
746 2852 801 2902 di
828 2851 951 2919 quel
984 2868 1163 2920 regno,
1202 2851 1221 2900 i
1258 2850 1405 2918 quali
1444 2852 1613 2902 eransi
1638 2851 1921 2903 lamentati
1946 2853 2003 2903 di
2027 2870 2102 2904 un

182 2935 405 3004 analoga
422 2935 744 3003 proibizione
762 2937 902 2987 satta
918 2936 1006 2987 nel
1035 2936 1172 2988 1817
1194 2937 1282 2988 dal
1302 2938 1486 2988 sinodo
1505 2936 1838 2989 Provinciale
1857 2939 1912 2989 di
1929 2939 2100 2989 Tuam

181 3021 268 3090 pel
311 3022 502 3084 dann0,
546 3020 643 3072 che
685 3021 794 3073 loro
836 3039 1038 3086 recava‚
1076 3022 1350 3092 togliendo
1394 3022 1462 3072 ad
1500 3024 1599 3073 essi
1641 3022 1962 3074 l'elemosina
2004 3024 2101 3073 che

182 3106 270 3159 all’
278 3107 546 3158 occasione
562 3106 703 3158 della
726 3106 901 3158 Messa
920 3107 1164 3158 solevana
1178 3107 1431 3174 percipire
1451 3107 1557 3157 alla
1575 3111 1728 3175 porta
1742 3108 1882 3158 della
1895 3108 2099 3170 Chiesa,

181 3197 386 3244 mentre
425 3192 524 3243 essi
565 3192 820 3244 vivevano
862 3192 1001 3244 della
1044 3193 1428 3244 contribuzioni
1474 3192 1556 3244 de’
1599 3193 1775 3255 fedeli,
1802 3193 1938 3244 volle
1964 3194 2015 3243 la
2040 3193 2094 3245 S.

182 3277 603 3348 Congregazione
627 3277 721 3328 che
746 3278 790 3329 si
816 3278 1156 3329 avvertissero
1181 3279 1201 3329 i
1226 3278 1467 3342 Vescovi‚
1486 3279 1584 3329 che
1621 3278 1723 3328 “in
1743 3280 2097 3346 impertienda

182 3364 292 3416 “de
309 3365 625 3415 auctoritate
644 3364 947 3431 Apostolica
965 3363 1336 3416 Sacerdotibus
1354 3364 1575 3415 licentia
1593 3364 1888 3415 celebrandi
1909 3365 2095 3415 diebus

181 3450 374 3502 “festis
397 3449 462 3500 de
487 3454 767 3516 praecepto
792 3449 923 3500 duas
949 3449 1138 3500 Missas
1164 3450 1231 3500 ob
1278 3466 1459 3500 causas
1484 3450 1813 3499 necessitatis
1837 3450 1905 3499 ab
1930 3450 2095 3517 Apos-

181 3535 399 3587 “tolicis
413 3534 885 3585 constitutionibus
900 3534 1213 3602 approbatas
1228 3535 1488 3585 rationem
1504 3534 1734 3584 habeant
1749 3532 2090 3585 Sacerdotum

366 3686 384 3710 ¹
402 3688 453 3729 L.
475 3690 548 3730 cit.
610 3688 629 3711 ²
646 3688 746 3729 eost
764 3668 1038 3738 Apostoli-um
1056 3689 1336 3736 ministerium,
1358 3689 1409 3727 30
1429 3686 1620 3740 Maggio,
1648 3687 1766 3739 1753,
1790 3688 1808 3741 ᾗ
1830 3690 1893 3729 11.
