2534 4374
403 429 483 488 16
975 451 1135 493 CONC.
1182 453 1345 493 PRov.
1395 452 1609 493 wss'rM.
1656 453 1694 492 1.

394 597 661 662 privatim,
702 615 825 647 cum
863 614 1000 664 aqua
1032 596 1234 647 lustrali
1271 601 1327 646 et
1361 595 1555 662 absque
1591 595 1946 646 caeremoniis·
2020 592 2297 646 Confessio

395 682 558 732 etiam
585 683 971 733 sacramentalis
996 698 1198 748 semper
1222 681 1280 730 in
1303 680 1401 730 tali
1427 696 1549 731 casu
1568 684 1648 730 est
1673 681 1946 749 exigenda.

537 770 585 817 9.
636 767 812 828 Quum
849 767 1092 817 mulieres
1131 765 1421 816 catholicae
1462 782 1495 815 a
1531 765 1787 834 chirurgis
1823 771 1879 817 et
1914 764 2298 818 obstetricibus-

393 856 698 907 acatholicis
723 857 1020 922 saepissime
1045 858 1353 916 tractentur,
1393 853 1586 920 quibus
1610 853 1676 903 de
1700 853 2018 920 baptizando
2042 850 2286 921 parvulos

393 941 451 990 in
475 941 707 1007 periculo
743 941 1060 991 constitutos
1084 939 1371 1006 nequidem
1396 939 1525 989 levis
1550 943 1631 990 est
1667 956 1806 1000 cura,
1831 940 2128 990 instruendi
2160 941 2287 989 sunt

394 1026 572 1076 sedulo
611 1025 790 1076 fideles
827 1027 1102 1092 utriusque
1141 1043 1291 1076 sexus
1329 1025 1395 1076 de
1432 1025 1589 1076 modo
1625 1024 1931 1092 baptizandi
1973 1025 2033 1074 in
2058 1040 2198 1085 casu,
2223 1026 2287 1072 ut

392 1110 563 1173 aiunt,
622 1110 951 1160 necessitatis
978 1128 991 1170 ;
1052 1115 1116 1159 ut
1164 1110 1337 1159 infans
1385 1108 1564 1159 nullus
1624 1108 1888 1159 discedere
1944 1109 2301 1176 permittatur·

392 1195 587 1261 absque
611 1195 708 1245 hoc
733 1196 950 1246 salutari
985 1196 1391 1264 regenerationis
1420 1194 1623 1245 balneo,
1699 1193 1848 1254 Quod
1874 1194 1919 1244 si
1943 1193 2300 1255 convaluerit,

392 1279 461 1328 ad
485 1279 758 1329 ecclesiam
783 1280 995 1342 feratur,
1019 1284 1083 1330 ut
1113 1280 1455 1347 suppleantur
1479 1280 1851 1331 caeremoniae.
1927 1278 2031 1330 Sed
2055 1278 2302 1330 sacerdos»

393 1364 525 1415 bene
549 1366 783 1431 inquirat
806 1367 870 1416 de
895 1367 1051 1417 modo
1075 1384 1181 1434 quo
1205 1367 1501 1434 baptismus
1525 1367 1636 1434 ipse
1661 1367 1821 1417 fuerit
1850 1366 2093 1428 collatuS,
2129 1369 2186 1416 et
2221 1365 2289 1415 ad

394 1450 646 1499 tutiorem
670 1450 894 1502 inclinet
918 1457 1139 1518 partem,
1165 1453 1222 1502 in
1247 1452 1460 1503 ferendo
1477 1452 1685 1519 judicio
1704 1469 1719 1512 ;
1764 1455 1820 1502 et
1845 1452 1943 1502 sub
1967 1451 2301 1512 conditione,

395 1535 440 1584 si
465 1535 638 1585 visum
663 1535 837 1598 fuerit,
860 1552 967 1587 non
992 1537 1203 1588 dubitet
1227 1537 1510 1605 baptizare.

543 1622 623 1671 10.
674 1619 991 1672 Moneantur
1016 1622 1181 1672 etiam
1202 1623 1499 1689 frequenter
1516 1627 1580 1672 ut
1603 1622 1940 1689 parvulorum
1959 1622 2289 1690 baptismum

396 1709 634 1773 parentes
657 1722 762 1757 non
786 1705 1050 1770 differant,
1074 1707 1165 1758 sed
1189 1712 1253 1757 ut
1278 1724 1381 1772 eOS,
1407 1708 1497 1758 vix
1521 1708 1721 1760 mundo
1740 1712 1909 1773 natos,
1927 1708 1997 1760 ad
2018 1712 2298 1761 aetcmamr

396 1791 565 1841 vitam
589 1792 789 1842 renasci
811 1797 1107 1860 procurent.

1014 1981 1415 2034 DECRETUM
1485 1981 1667 2036 XVII.

1065 2127 1146 2180 De
1172 2127 1621 2197 Confirmat-ione.

541 2259 675 2314 Cum
722 2261 866 2315 hisce
912 2262 1210 2332 regionibus
1259 2264 1527 2327 catholici,
1576 2267 1633 2314 et
1679 2261 1987 2331 praesertim
2033 2259 2188 2314 rudes
2234 2264 2305 2312 et.

398 2363 666 2415 pauperes,
709 2350 1006 2417 saepissime
1045 2349 1319 2401 conatibus
1360 2351 1689 2416 exponantur
1728 2349 1823 2415 qui
1865 2348 1934 2399 ad
1975 2347 2303 2399 catholicam.

399 2433 558 2483 fidem
583 2435 1000 2486 labefactandam
1018 2435 1258 2502 quotidie
1282 2434 1440 2496 fiunt,
1466 2451 1672 2484 summa
1686 2433 1970 2501 diligentia
1993 2432 2290 2482 adhibenda

401 2522 497 2579 est,
522 2523 584 2568 ut
621 2526 942 2569 sacramento
978 2520 1391 2570 confirmationis
1415 2519 1806 2569 corroborentur
1840 2518 1909 2568 ad
1940 2517 2290 2568 resistendum

400 2600 700 2668 hujusmodi
741 2604 1159 2664 tentationibus;
1208 2608 1273 2655 ut
1314 2603 1456 2654 firmi
1491 2607 1549 2654 et
1589 2602 1804 2655 stabiles
1840 2603 1898 2653 in
1921 2601 2028 2652 fide
2051 2606 2108 2653 et
2139 2602 2303 2653 bonis-

402 2687 641 2753 operibus
664 2693 1006 2754 perseverent.

547 2773 592 2823 1.
643 2771 757 2831 Quo
800 2789 919 2823 vero
960 2772 1220 2838 copiosius
1264 2771 1316 2824 S.
1343 2771 1575 2840 Spiritus
1611 2773 1857 2841 gratiam,
1895 2772 1954 2822 in
1988 2771 2088 2822 hoc
2124 2788 2305 2822 sacra-

401 2859 582 2905 mento
617 2855 912 2923 elargitam,
948 2858 1179 2923 accipere
1215 2857 1444 2919 valeant,
1468 2861 1593 2907 ante
1617 2857 2088 2919 confirmationem,
2112 2873 2290 2906 omnes

401 2944 513 2989 tam
538 2941 685 3006 pueri
725 2957 883 3006 quam
921 2941 1110 3003 adulti,
1135 2941 1265 2992 bene
1290 2941 1356 2991 de
1380 2941 1491 3008 ejus
1515 2946 1705 2991 natura
1729 2945 1785 2991 et
1813 2941 2071 2991 fructibus
2094 2941 2290 2991 instru—

401 3028 590 3083 antur3
640 3028 695 3074 et
719 3025 894 3075 nullus
929 3025 1247 3076 admittatur
1285 3027 1414 3092 quin
1457 3026 1514 3075 in
1549 3027 1788 3076 doctrina
1815 3025 2112 3077 Christiana
2147 3024 2303 3075 suffi---

402 3109 600 3159 cienter
618 3110 688 3159 sit
710 3110 1013 3160 instructus.
1074 3110 1362 3161 Hortamur
1380 3111 1666 3161 sacerdotes
1689 3115 1770 3173 ut,
1786 3110 1945 3177 juxta
1967 3110 2288 3160 laudabilem

403 3194 848 3258 consuetudinem,
885 3198 1107 3245 utantur
1142 3213 1203 3246 ea
1239 3197 1523 3259 occasione,
1561 3196 1629 3246 ad
1665 3194 2044 3245 confirmandos
2068 3195 2126 3244 in
2149 3199 2304 3244 cate-⁷-

403 3278 590 3329 chismi
615 3281 833 3330 scientia
854 3280 1007 3347 plene
1030 3280 1399 3330 instituendos·

545 3366 595 3414 2.
646 3363 780 3414 Cum
822 3380 974 3431 saepe
1010 3365 1174 3414 etiam
1209 3364 1306 3415 fiat
1340 3369 1405 3415 ut
1440 3365 1587 3432 pueri
1623 3365 1681 3414 in
1716 3365 1833 3431 ipsa
1858 3368 2034 3415 tenera
2057 3366 2233 3414 aetate
2257 3381 2288 3413 a

406 3447 591 3498 scholis
615 3449 682 3498 ad
718 3448 927 3515 opificia
951 3449 1254 3511 mittantur,
1278 3467 1448 3516 neque
1472 3455 1654 3518 postea
1678 3450 1832 3501 facile
1857 3450 1924 3499 ad
1948 3449 2302 3499 instruction--

406 3550 490 3584 cm
537 3533 763 3583 revocari
810 3534 1029 3599 possint,
1076 3539 1308 3600 praestat
1355 3535 1472 3585 illos
1520 3541 1725 3586 mature
1772 3535 2085 3596 confirmari,
2131 3534 2300 3584 modo=

397 3622 573 3667 tamen
598 3618 940 3668 sufficientem
963 3617 1189 3668 habeant
1212 3623 1459 3682 aetatem,
1485 3621 1552 3670 ad
1578 3620 1813 3670 debitam
1837 3619 2286 3687 praeparationem

405 3701 714 3753 faciendam.

550 3787 598 3836 3.
650 3784 892 3836 Conversi
933 3786 1128 3854 pariter
1163 3788 1230 3837 ad
1271 3787 1431 3837 fidem
1468 3789 1779 3851 excitentur,
1804 3805 1869 3838 ne
1893 3787 2027 3838 hanc
2059 3788 2292 3856 gratiam
