2534 4374
936 503 1001 546 11.
1044 504 1287 548 APPEND.
1332 507 1371 548 1.
2007 492 2088 554 83

209 651 324 717 buS,
362 651 576 703 tametsi
614 669 707 721 pro
743 652 954 704 illorum
993 653 1330 722 derogatione
1355 653 1594 721 specialis
1631 657 1831 706 mentio
1862 656 2098 708 facienda

204 741 362 800 esset,
394 742 490 788 aut
527 737 634 789 alia
671 739 1012 805 quantumvis
1045 739 1307 806 exquisita
1340 740 1506 790 forma
1543 740 1807 803 servanda,
1843 749 2098 808 quatenus

210 822 526 890 supradictis
569 822 799 887 obstant,
838 840 1074 891 expresse
1112 825 1438 893 derogamus.
1528 825 1747 876 Irritum
1787 843 2008 893 quoque,
2043 833 2099 877 et

209 907 367 958 inane
391 907 722 961 decernimus
747 909 790 959 si
817 925 962 959 secus
988 925 1140 976 super
1158 909 1241 960 his
1256 926 1288 960 a
1302 925 1566 977 quoquam
1584 911 1767 977 quavis
1784 912 2098 963 auctoritate

209 993 434 1044 scienter
457 992 542 1042 vel
567 992 871 1060 ignoranter
894 994 1174 1063 contigerit
1211 996 1479 1046 attentari.
1553 996 1808 1047 Volumus
1831 1004 2009 1048 autem
2037 1003 2099 1047 ut

209 1076 396 1128 harum
438 1077 739 1128 litterarum
781 1078 1033 1146 exemplis
1077 1080 1239 1129 etiam
1277 1079 1557 1147 impressiS,
1594 1098 1857 1149 manuque
1900 1081 2097 1149 publici

209 1162 404 1214 notarii
429 1162 754 1230 subscriptiS,
785 1166 841 1212 et
870 1179 962 1230 per
995 1164 1349 1214 constitutum
1383 1166 1438 1215 in
1464 1166 1811 1217 ecclesiastica
1836 1168 2098 1235 dignitate

210 1247 382 1299 virum
416 1263 508 1298 suo
548 1246 724 1316 sigillo
764 1247 987 1298 munitis
1024 1248 1207 1298 eadem
1237 1249 1491 1301 habeatur
1530 1250 1674 1314 fides,
1711 1270 1842 1319 quae
1879 1253 2098 1303 Nostrae

207 1333 500 1384 voluntatis
525 1332 922 1401 significationi,
946 1333 1062 1401 ipso
1086 1333 1183 1384 hoc
1208 1334 1496 1402 diplomate
1521 1342 1724 1387 ostenso
1749 1338 2035 1390 haberetur.

351 1416 553 1468 Datum
596 1416 797 1468 Romae
822 1418 964 1485 apud
1009 1417 1062 1469 S.
1101 1418 1320 1470 Petrum
1361 1420 1458 1471 sub
1480 1421 1673 1471 annulo
1709 1422 1987 1473 Piscatoris
2010 1423 2098 1475 die

209 1502 334 1554 xxix
359 1501 700 1572 SeptembriS,
726 1513 960 1567 MDCGOI„
983 1502 1332 1555 Pontificatus
1355 1504 1534 1555 Nostri
1559 1522 1695 1556 anno
1718 1508 1921 1573 quinto.

1298 1636 1361 1687 A.
1390 1634 1558 1688 Cim).
1587 1637 2026 1693 LAMBBUSCHIM.

1118 2085 1198 2138 11.

602 2282 990 2338 CONCESSIO
1046 2283 1128 2336 IN
1129 2283 1428 2337 DULGEN
1430 2283 1715 2338 TIARUM

391 2457 473 2508 IN
513 2458 740 2526 FESTIS
790 2457 1240 2508 BEATISSIMAE
1283 2457 1591 2508 VIRGINIS
1637 2457 1916 2506 MARIAE.

210 2644 522 2699 Beatissime
546 2645 722 2709 Pater,

353 2744 436 2794 Ad
458 2743 792 2794 excitandam
827 2741 1067 2795 fidelium
1103 2742 1451 2805 devotionem,
1477 2742 1906 2810 Archiepiscopus
1929 2744 2098 2796 West-

209 2825 632 2876 monasteriensis
647 2830 703 2875 et
722 2825 969 2893 Episcopi
984 2826 1052 2876 ad
1068 2824 1390 2892 provinciale
1407 2824 1701 2876 Concilium
1717 2827 2096 2889 convenientes,

210 2910 510 2961 humillime
558 2910 876 2978 supplicant,
924 2915 989 2961 ut
1037 2909 1302 2962 Sanctitas
1350 2910 1534 2960 Vestra
1581 2910 1826 2979 dignetur
1879 2912 2098 2980 benigne

208 2995 455 3046 omnibus
478 2995 811 3046 Dioecesibus
825 2994 1048 3063 Angliae
1066 2994 1450 3045 communicare
1467 2994 1823 3063 indulgentias
1837 2996 2099 3047 nonnullis

210 3080 340 3130 locis
376 3080 524 3150 regni
562 3080 691 3130 alias
727 3096 1008 3143 concessas,
1037 3080 1168 3131 adeo
1205 3084 1267 3130 ut
1300 3096 1333 3130 a
1368 3080 1551 3147 primis
1583 3081 1803 3147 vesperis
1835 3097 1997 3147 usque
2030 3082 2097 3132 ad

208 3181 452 3217 occasum
488 3165 610 3216 solis
652 3166 891 3217 omnium
928 3164 1205 3216 Festorum
1241 3163 1309 3216 D.
1347 3164 1415 3216 N.
1440 3164 1493 3215 J.
1533 3163 1588 3216 C.
1626 3170 1683 3216 et
1719 3165 2098 3217 Immaculatae

212 3250 384 3317 Ipsius
408 3249 616 3313 Matris,
634 3251 691 3300 in
715 3254 1031 3317 perpetuum
1055 3250 1252 3319 singuli
1277 3250 1455 3301 fideles
1479 3251 1666 3301 lucrari
1692 3251 1900 3301 valeant
1922 3252 2099 3302 indul-

210 3334 451 3404 gentiam
474 3334 764 3401 plenariam
779 3334 1054 3385 animabus
1072 3335 1130 3385 in
1149 3335 1451 3403 purgatorio
1470 3335 1699 3385 detentis
1713 3334 2099 3401 applicabilem,

209 3419 498 3471 dummodo
534 3419 638 3470 rite
673 3420 893 3470 confessi
928 3424 984 3470 et
1020 3418 1073 3470 S.
1100 3418 1296 3487 Synaxi
1321 3418 1502 3469 refecti
1528 3434 1700 3469 coram
1729 3418 1908 3485 aliquo
1942 3420 2097 3471 altari

210 3505 325 3573 pias
348 3505 416 3555 ad
441 3504 614 3555 Deum
638 3520 811 3572 preces
835 3504 1067 3554 fuderint
1082 3504 1240 3571 juxta
1265 3509 1496 3554 mentem
1522 3502 1575 3554 S.
1602 3502 1895 3555 Pontificis.

353 3588 435 3639 Ex
458 3589 728 3639 audientia
754 3587 1101 3651 Sanctissimi‚
1126 3587 1308 3639 habita
1332 3588 1420 3638 die
1450 3589 1514 3637 13
1539 3587 1743 3650 Martii,
1775 3590 1927 3640 1853.

357 3673 728 3726 Sanctissimus
751 3673 1008 3725 Dominus
1031 3673 1221 3725 Noster
1245 3672 1374 3723 Pius
1397 3673 1577 3724 divina
1598 3673 1935 3724 Providentia
1953 3674 2098 3742 Papa

214 3758 332 3822 ΙΧ.,
354 3759 602 3810 referente
638 3775 722 3808 me
758 3758 1086 3824 infrascripto
1122 3756 1307 3808 Sacrae
1345 3755 1772 3825 Congregationis
1802 3758 1867 3809 de
1905 3757 2097 3826 Propa-

211 3844 386 3911 ganda
411 3843 544 3893 Fide
570 3841 872 3905 Secretario‚
900 3842 1058 3910 juxta
1082 3847 1266 3892 votum
1305 3841 1851 3893 Eminentissimorum
1878 3842 2095 3894 Patrum
