2534 4374
983 537 1227 580 APPEND.
1272 536 1311 579 1.
2000 520 2071 577 51

194 679 423 731 invicem
448 681 616 734 unitis
651 682 979 736 Meneviensi
1016 690 1072 736 et
1106 685 1498 754 Newportensi:
1539 701 1601 737 ac
1624 689 1833 755 tempus
1856 691 2085 753 praesto·

194 764 382 828 lantes,
440 782 546 834 quo
606 770 824 820 caeteris
882 770 1046 822 etiam
1109 786 1228 822 suos
1287 770 1408 821 dare
1460 769 1746 838 Episcopos
1805 769 2084 830 valeamus,

194 850 556 903 commisimus
603 850 802 904 interea
848 853 1392 907 westmonasteriensi
1424 854 1827 923 Archiepiscopo
1858 854 2086 905 admini-

195 934 505 987 strationem
566 936 831 989 Ecclesiae
906 938 1331 1003 Suthwarcensi8‚
1381 941 1641 1009 Episcopo
1694 939 2086 1007 Liverpolitano

195 1018 710 1074 administrationem
754 1023 1021 1076 Ecclesiae
1064 1024 1442 1089 SalfordiensiS,
1467 1026 1728 1094 Episcopo
1753 1022 2082 1076 Cliftoniensi

194 1103 711 1158 administrationem
761 1108 1027 1161 Ecclesiae
1069 1109 1479 1178 Plymuthensis,
1518 1110 1777 1178 Episcopo
1820 1107 2086 1177 Birming-

195 1186 453 1240 hamiensi
467 1191 958 1245 administrationen
972 1192 1237 1246 Ecclesiae
1245 1193 1854 1263 Nothinghamiensis,ac
1869 1192 2083 1244 tandem

196 1273 457 1342 Episcopo
499 1275 854 1329 Ecclesiarum
894 1279 1169 1330 unitarum
1211 1278 1563 1331 Meneviensis
1603 1284 1660 1331 et
1701 1278 2085 1347 Newportensis

194 1358 708 1411 administrationem
732 1361 1168 1415 demandavimus
1209 1362 1476 1415 Ecclesiae
1516 1363 1849 1431 SalopiensiS.
1924 1363 2084 1414 Hisce

195 1442 365 1511 igitur
410 1459 503 1511 per
548 1445 776 1498 diversas
824 1463 980 1516 supra
1027 1453 1459 1500 commemoratas
1505 1447 1720 1500 Nostras
1758 1447 2084 1515 Apostolicas

194 1526 425 1579 Litteras
471 1529 552 1580 ita
598 1531 923 1595 constitutis,
979 1549 1128 1585 curas
1175 1534 1333 1586 modo
1378 1538 1580 1585 nostras
1617 1533 1970 1584 convertimus
2015 1532 2083 1583 ad

193 1613 591 1666 institutionem
640 1613 990 1684 Collegiorum
1032 1618 1437 1681 canonicalium,
1470 1634 1710 1686 eamque,
1757 1622 1821 1668 ut
1867 1617 2085 1669 celerius

191 1695 374 1765 perfici
419 1699 611 1763 valeat,
663 1701 794 1768 ipsis
831 1701 1167 1755 Praesulibus
1200 1703 1318 1771 jam
1359 1703 1628 1755 institutis
1659 1702 1906 1754 duximus
1943 1718 2085 1753 com-

191 1782 528 1835 mittendam.
602 1784 793 1853 Itaque
816 1790 969 1838 motu
992 1788 1219 1855 proprio,
1241 1791 1299 1839 et
1312 1804 1376 1839 ex
1398 1787 1731 1855 plenitudine
1756 1786 2085 1854 Apostolicae

192 1866 413 1920 Nostrae
444 1872 781 1923 auctoritatis
818 1872 1015 1924 dilecto
1053 1872 1165 1924 filio
1193 1876 1370 1925 nostro
1395 1871 1661 1924 Cardinali
1683 1872 2085 1939 Archiepiscopo

191 1952 754 2021 Westmonasteriensi,
779 1961 836 2009 et
870 1958 1268 2010 Venerabilibus
1309 1956 1558 2009 fratribus
1582 1956 1856 2024 Episcopis
1882 1955 2085 2023 Hagul-

192 2038 440 2102 stadensi,
500 2039 881 2107 Beverlacensi,
940 2042 1353 2111 Liverpolitano,
1414 2039 1768 2103 Clistoniensi,
1817 2039 2085 2109 Birming-

190 2121 463 2187 hamiensi,
488 2124 544 2175 N
544 2126 1038 2195 orthamptoniensi‚
1062 2132 1118 2179 et
1144 2128 1404 2196 Episcopo
1436 2127 1706 2178 unitarum
1732 2125 2084 2177 Ecclesiarum

189 2206 542 2261 Meneviensis
565 2227 626 2262 ac
650 2211 1037 2281 Newportensis
1059 2212 1450 2265 committimus
1486 2219 1649 2279 atque
1687 2211 1997 2262 mandamus
2021 2214 2086 2260 ut

189 2295 549 2362 unusquisque
583 2295 798 2349 illorum
840 2297 1034 2350 Nostro
1074 2299 1309 2361 nomine,
1349 2301 1407 2349 et
1444 2313 1508 2348 ex
1550 2296 1794 2366 delegata
1840 2312 1872 2346 a
1919 2295 2086 2346 Nobis

190 2382 455 2447 potestate
490 2383 785 2434 constituat
824 2383 884 2434 in
922 2384 1146 2436 dioecesi
1185 2400 1279 2436 sua
1316 2381 1644 2451 Capitulum,
1690 2381 1832 2449 quod
1873 2397 1936 2432 ex
1978 2396 2087 2432 una

191 2462 380 2514 saltem
421 2463 688 2534 dignitate
730 2470 787 2518 et
827 2467 1010 2519 decem
1051 2468 1317 2520 canonicis
1358 2471 1578 2519 constet.
1652 2466 1737 2517 Ad
1772 2469 2084 2516 memoratas

191 2551 371 2599 autem
416 2549 597 2601 unitas
640 2550 902 2604 Ecclesias
941 2552 1337 2604 Meneviensem
1377 2556 1434 2604 et
1473 2552 1527 2603 N
1529 2554 1901 2619 ewportensem
1943 2549 2083 2616 quod

190 2633 406 2696 attinet,
430 2634 560 2686 satis
582 2636 642 2686 in
665 2653 906 2704 praesens
931 2654 1041 2689 esse
1064 2653 1354 2700 censemus,
1378 2641 1444 2688 ut
1483 2637 1702 2687 unicum
1744 2652 1838 2703 pro
1861 2638 2085 2700 utraque

190 2717 479 2785 capitulare
504 2718 804 2791 Collegium
827 2723 1159 2774 instituatur.
1231 2721 1552 2773 Mandamus
1575 2722 1803 2788 insuper,
1832 2723 1888 2771 et
1911 2719 2083 2769 eidem

190 2801 604 2871 Metropolitano
649 2806 922 2870 Antistiti,
968 2810 1132 2875 atque
1180 2806 1455 2875 Episcopis
1492 2804 1904 2872 LiverpolitanO,
1951 2801 2079 2854 Clif-

191 2887 438 2952 toniensi,
470 2889 994 2960 Birminghamiensi‚
1017 2908 1115 2943 nec
1142 2908 1250 2943 non
1275 2892 1537 2960 Episcopo
1560 2890 1832 2940 unitarum
1858 2887 2085 2938 Ecclesi-

192 2990 343 3025 arum
389 2974 743 3029 Meneviensis
790 2981 847 3030 et
904 2977 1295 3046 Newportensis
1353 2980 1672 3044 potestatem
1733 2974 1972 3035 facimus,
2020 2976 2084 3022 ut

192 3060 416 3130 quisque
438 3060 652 3112 illorum
676 3060 976 3114 cathedrale
1000 3060 1312 3130 Capitulum
1345 3061 1530 3112 eodem
1554 3059 1708 3127 plane
1743 3058 1899 3109 modo
1923 3061 1980 3108 et
2018 3071 2084 3107 ex

191 3144 435 3212 delegata
458 3146 656 3213 pariter
678 3146 985 3215 Apostolica
1008 3146 1328 3199 auctoritate
1367 3145 1675 3206 constituat,
1716 3143 1774 3194 in
1816 3158 1879 3193 ea
1917 3141 2082 3192 etiam

193 3229 428 3281 Ecclesia
451 3229 603 3297 cujus
625 3231 1019 3284 administratio
1043 3231 1218 3283 eidem
1242 3247 1274 3281 a
1287 3229 1452 3281 Nobis
1469 3227 1787 3280 demandata
1802 3230 1898 3277 est.
1956 3224 1992 3276 J
1994 3241 2083 3275 am

192 3330 312 3365 vero
372 3312 623 3383 Capitula
668 3310 817 3385 ipsa,
863 3321 931 3368 ut
984 3317 1218 3384 primum
1265 3314 1518 3366 instituta
1566 3313 1780 3373 fuerint,
1840 3309 2084 3362 omnibus

192 3398 431 3450 fruentur
463 3400 691 3468 juribus,
733 3401 1083 3470 omnibusque
1124 3397 1536 3468 obligat-ionibus
1577 3395 1913 3457 tenebuntur,
1949 3410 2083 3462 quae

192 3483 602 3551 metropolitana
626 3489 724 3536 aut
746 3485 1061 3537 cathedralis
1079 3483 1439 3551 cujuscunque
1463 3479 1700 3547 Capituli
1725 3496 1788 3530 ex
1812 3478 2082 3530 communi

191 3585 453 3620 sacrorum
493 3585 757 3621 canonum
797 3570 920 3638 jure
960 3570 1168 3638 propria
1217 3572 1357 3619 sunt.
1431 3565 1605 3635 Igitur
1645 3563 1852 3633 quoties
1892 3562 2084 3614 deinde

191 3653 475 3722 contigerit
498 3658 562 3704 ut
585 3654 767 3724 aliqua
790 3671 856 3706 ex
879 3653 1284 3722 metropolitana
1320 3655 1415 3703 aut
1456 3648 1837 3718 episcopalibus
1861 3646 2083 3716 Angliae

192 3736 439 3789 Ecclesiis
461 3743 669 3806 pastore
693 3756 787 3791 suo
810 3740 1073 3801 viduetur,
1096 3742 1154 3789 et
1175 3753 1330 3788 nemo
1353 3736 1443 3797 sit,
1465 3735 1552 3786 cui
1587 3733 1823 3801 ejusdem
1855 3730 2085 3782 admini-
