2534 4374
960 467 1209 510 APPEND.
1258 469 1319 509 11.
1963 456 2084 514 203

187 612 364 659 torum
391 606 703 658 Dominicae
730 607 994 658 Passionis
1021 608 1191 659 voluit
1217 614 1279 659 ut
1310 610 1449 661 ultra
1488 610 1951 678 Quadragcsimam
1991 630 2094 663 non

186 693 599 751 transferantur3
664 693 880 743 servatis
932 693 1192 745 Rubricis.
1294 694 1580 747 Contrariis
1619 713 1724 747 non
1765 698 2097 749 obstantibus

189 777 623 846 quibuscumque.

332 858 434 908 Die
464 860 530 907 10
554 858 726 921 Junii,
758 861 914 910 1858.

188 950 253 1001 L·
292 946 363 1019 ᾧ
400 947 454 1000 S·
657 1020 714 1072 C.
743 1022 1036 1091 Episcopus
1074 1024 1331 1077 Albanen.
1361 1026 1531 1078 CARD.
1559 1028 1808 1093 mmm,
1832 1027 2026 1098 Praef.

656 1108 727 1159 H.
772 1108 1029 1173 CAPAL'H,
1068 1108 1425 1165 Secretariw&

588 1326 671 1368 DE
716 1326 1285 1370 OOMMEMORATIONE
1330 1331 1374 1371 S.
1423 1331 1687 1375 GEORGII.

189 1459 504 1511 Beatissimo
530 1458 706 1520 Pater,

333 1546 543 1598 Summi
568 1542 872 1606 Pontifices,
887 1548 1001 1594 tam
1028 1545 1086 1595 in
1114 1545 1254 1596 Urbe
1280 1546 1338 1596 in
1364 1564 1468 1614 qua
1494 1550 1679 1599 existit
1705 1555 1912 1600 vetusta
1938 1558 2097 1618 atquc

189 1632 347 1700 longo
392 1629 716 1681 saeculorum
756 1629 906 1679 cultu
952 1629 1289 1682 celeberrima
1334 1632 1562 1683 Basilica
1611 1634 1800 1702 inclyti
1852 1636 2098 1704 Martyris

188 1718 244 1770 S.
296 1717 530 1786 Georgii,
579 1733 740 1783 quam
789 1717 847 1766 in
897 1716 1093 1785 Anglia
1144 1717 1295 1784 cujus
1347 1716 1607 1769 Patronus
1657 1725 1817 1788 atque
1867 1722 2097 1772 invictus

188 1804 461 1854 Protector
498 1802 565 1852 ab
598 1802 987 1868 antiquissimis
1028 1803 1354 1869 temporibus
1395 1804 1521 1865 fuit,
1555 1810 1611 1854 et
1654 1806 1719 1855 de
1759 1823 1862 1873 quo
1908 1809 2094 1856 statuit

189 1889 507 1940 Benedictus
531 1887 683 1937 XIV.
705 1904 797 1954 per
822 1886 1109 1938 Decretum
1137 1886 1285 1938 SRC.
1307 1889 1403 1939 sub
1430 1889 1518 1939 die
1544 1891 1575 1938 8
1603 1889 1639 1940 J
1642 1907 1746 1952 an.,
1769 1890 1924 1952 1749,
1945 1898 2003 1941 ut
2032 1891 2098 1942 in,

187 1971 497 2042 Suffrayiis
523 1971 865 2026 Sanctorum
891 1972 1004 2042 fiat
1043 1973 1102 2022 in
1146 1973 1343 2042 Anglia
1383 1978 1610 2026 tantum
1653 1976 2098 2027 commemorat-io

189 2058 245 2112 S.
285 2056 508 2127 Georyii
546 2058 771 2128 Angliae
803 2058 1041 2121 Patroni,
1064 2063 1118 2108 et
1151 2058 1418 2110 Sanctitas
1442 2061 1628 2111 Vestra
1654 2064 1881 2112 sancivit
1908 2069 1969 2112 ut
1995 2081 2097 2112 non

186 2146 432 2197 obstante
457 2140 746 2195 cessatione
772 2145 992 2195 festivae
1019 2143 1361 2214 obligationis
1386 2146 1552 2196 Missa
1578 2164 1670 2214 pro
1696 2148 1892 2215 populo
1930 2149 2100 2215 appli-

186 2236 393 2282 caretur
412 2230 499 2281 die
520 2229 573 2281 S.
596 2229 1090 2298 Georgii,honorem
1110 2231 1283 2281 eidem
1303 2231 1528 2300 Martyri
1548 2233 1787 2283 debitum
1810 2234 2097 2300 plurimum

186 2316 642 2378 commendarunt,
668 2332 981 2382 summoque
1007 2316 1185 2366 studio
1210 2326 1601 2383 promoverunt.

333 2401 582 2452 Volentes
626 2399 918 2451 Cardinalis
952 2401 1389 2469 Archiepiscopus
1427 2402 2000 2454 VVestmonastei-iensis
2044 2412 2099 2454 ct

188 2486 442 2555 Episcopi
466 2486 692 2553 Angliae
716 2486 962 2536 eumdem
987 2485 1280 2554 Martyrem
1311 2489 1563 2550 venerari,
1591 2489 1686 2538 sub
1732 2490 1882 2556 cujus
1927 2491 2098 2539 tutela

190 2573 386 2641 Anglia
424 2573 709 2623 teterrimis
748 2572 1075 2639 temporibus
1100 2572 1279 2623 fideles
1305 2578 1463 2640 atque
1491 2575 1657 2624 etiam
1682 2575 1932 2642 gloriosos
1959 2576 2099 2624 Mar-

189 2664 328 2727 tyres
354 2658 619 2708 Ecclesiae
645 2656 811 2719 dedit,
835 2662 891 2707 et
914 2652 1296 2725 perpendentes
1339 2660 1396 2708 in
1430 2659 1664 2710 maximo
1708 2660 1867 2710 dubio
1911 2663 2098 2710 versari

192 2743 495 2795 Sacerdotes
535 2744 601 2793 de
643 2743 859 2793 nomine
900 2741 1084 2793 Sancti
1127 2745 1186 2794 in
1230 2743 1507 2813 Suffragiis
1550 2749 1711 2811 atque
1760 2746 1816 2795 in
1866 2747 2099 2795 oratione

191 2829 241 2880 A
285 2827 502 2881 cunctis
542 2829 824 2891 inserendi,
863 2833 1026 2895 atque
1074 2829 1418 2896 paucissimas
1467 2829 1728 2880 Ecclesias
1779 2840 2099 2881 consecratus

189 2920 352 2981 atque
377 2915 434 2964 in
459 2914 542 2965 his
567 2914 818 2965 beneficia
842 2915 1080 2965 nondum
1107 2914 1267 2965 fuisse
1286 2919 1458 2965 erecta
1478 2933 1492 2975 3
1530 2921 1691 2982 atque
1716 2917 2100 2967 considerantes

193 3002 334 3068 quod
374 3001 418 3051 si
462 3000 666 3063 debeat,
691 3005 755 3050 ut
793 3001 851 3051 in
890 3000 1160 3051 nonnullis
1206 2999 1353 3052 SRC.
1394 3001 1616 3051 decretis
1655 3002 1915 3063 innuitur,
1961 3020 2100 3051 com-

192 3086 472 3136 memorari
511 3085 720 3136 cultum
762 3085 1075 3137 Sanctorum
1101 3086 1401 3153 antiquitus
1427 3086 1482 3135 in
1510 3086 1704 3153 Anglia
1729 3086 2096 3137 honoratorum

191 3171 286 3239 qui
323 3171 560 3221 nondum
599 3187 632 3221 a
677 3169 730 3221 S.
759 3170 893 3222 Sede
917 3171 1177 3239 recogniti
1203 3172 1420 3221 fuerunt
1445 3188 1613 3238 neque
1639 3172 1697 3221 in
1723 3172 2098 3241 Martyrologio

194 3256 434 3307 Romana
458 3256 743 3319 nominati,
766 3261 821 3306 et
855 3258 1153 3324 cogitantes
1193 3256 1366 3307 nullos
1409 3257 1663 3307 Patronos
1707 3257 1897 3306 electos
1940 3257 2099 3308 fuisse

189 3343 259 3393 ad
284 3342 508 3398 formam
533 3341 731 3392 decreti
760 3341 962 3392 Urbani
988 3341 1129 3391 VIII
1152 3361 1164 3392 :

338 3427 658 3477 Humillime
700 3427 1001 3494 supplicant
1032 3431 1095 3477 ut
1121 3426 1173 3478 S.
1201 3426 1266 3477 V.
1293 3427 1521 3495 benigne
1548 3427 1798 3495 dignetur
1822 3427 2099 3489 declarare,

190 3513 357 3563 donec
403 3511 455 3562 S.
497 3511 653 3562 Sedes
697 3512 1041 3563 declaraverit
1083 3516 1295 3579 propter
1333 3516 1542 3562 mutata
1581 3511 1804 3580 Angliae
1848 3513 2100 3579 adjuncta

194 3599 403 3648 decreta
446 3598 707 3647 ordinaria
745 3615 851 3648 esse
877 3597 1213 3659 observanda,
1238 3598 1377 3664 quod
1403 3598 1458 3647 in
1487 3596 1797 3647 Sanctorum
1827 3597 2099 3665 Suffmgiis

190 3688 352 3750 atque
396 3683 453 3732 in
494 3683 727 3733 oratione
771 3684 820 3733 A
857 3680 1072 3733 cunctis
1103 3683 1533 3732 commemoratio
1563 3681 1614 3731 S.
1644 3681 1858 3749 Georgii
1885 3687 2098 3732 tantum

189 3767 306 3830 fiat,
334 3768 525 3818 omissa
553 3769 1108 3818 commemmoratione
1142 3767 1367 3818 aliorum
1395 3766 1706 3817 Sanctorum
1734 3771 2097 3834 praeterquam
