2534 4374
391 453 476 512 42
970 465 1129 508 οοΝο.
1176 464 1340 506 PRov.
1384 463 1605 506 wEs'rM.
1652 463 1690 504 1.

537 615 616 663 19.
657 613 823 663 Horas
848 612 1120 662 canonicas
1146 610 1254 661 alte
1279 615 1334 660 et
1352 608 1684 678 intelligibili
1709 626 1851 671 voce,
1871 609 2049 678 digne,
2074 612 2280 659 attente

380 703 445 748 -et
468 698 654 747 devote
677 697 900 746 recitent
922 697 1134 763 pariter,
1158 712 1254 745 nec
1279 695 1442 745 altera
1466 711 1583 761 pars
1608 693 1753 744 chori
1777 693 2092 744 versiculum
2125 710 2281 744 suum

388 781 611 847 incipiat
635 785 918 846 antequam
943 780 1105 829 altera
1128 796 1245 846 pars
1271 796 1424 829 suum
1448 779 1581 828 bene
1605 777 1966 844 compleverit,
2001 778 2155 845 interi
2163 782 2282 829 ecta

389 878 591 928 semper
613 878 838 929 congrua
862 861 1079 928 pausula
1102 862 1170 911 ad
1194 862 1516 911 asteriscum.
1590 859 1981 927 Unusquisque,
2009 860 2281 911 recitando

389 947 618 996 officium
643 963 763 995 cum
787 946 922 1007 aliiS,
948 946 1104 995 debet
1136 946 1204 995 ad
1240 945 1437 1013 integri
1474 944 1634 996 officii
1665 945 2033 995 recitationem
2066 961 2281 996 concur-

387 1047 513 1093 rere,
527 1031 771 1098 supplens
786 1031 1046 1080 audiendo
1064 1030 1206 1097 quod
1225 1030 1443 1080 omittet
1455 1030 1742 1080 recitand0.
1769 1027 2006 1097 (Synod.
2022 1027 2277 1098 Fulyin.)

529 1119 614 1166 20.
664 1116 828 1166 Juxta
862 1116 1109 1178 rubricas,
1141 1133 1235 1183 pro
1272 1116 1526 1183 temporis
1561 1119 1618 1167 et
1649 1115 1809 1167 officii
1835 1116 2036 1166 diversa
2059 1115 2282 1178 ratione,

388 1218 565 1252 omnes
590 1207 822 1270 surgant,
847 1206 1007 1264 stent,
1032 1202 1265 1264 sedeant,
1291 1201 1671 1268 genuflectant,
1696 1206 1859 1269 caput
1891 1201 2060 1252 bireto
2093 1204 2282 1268 tegant

387 1290 481 1336 aut
504 1286 771 1354 detegant,
796 1287 879 1337 vel
902 1287 1164 1338 inclinent
1197 1303 1378 1337 omnes
1407 1288 1831 1355 contemporanei
1869 1291 1925 1337 et
1959 1286 2280 1346 uniformes;

387 1374 443 1419 et
465 1371 787 1421 unanimiter
822 1388 999 1421 omnes
1031 1372 1214 1422 eodem
1251 1372 1476 1439 corporis
1510 1373 1636 1435 situ,
1669 1372 1892 1422 unisono
1928 1387 2118 1422 vocum
2157 1387 2282 1421 con-

385 1458 562 1517 centu,
586 1472 647 1505 ac
671 1456 935 1506 mentium
960 1457 1267 1520 elevatione,
1293 1461 1512 1508 cantent
1535 1461 1632 1508 aut
1655 1458 1944 1524 respective
1978 1456 2279 1506 attendant.

529 1541 614 1588 21.
663 1540 745 1590 Ad
769 1540 989 1591 Missam
1014 1542 1254 1592 canonici
1278 1541 1619 1592 meminerint
1638 1558 1691 1592 se
1706 1546 1968 1609 praestare
1986 1541 2156 1592 teneri
2173 1556 2280 1591 non

378 1625 554 1675 solum
596 1627 943 1691 praesentiam
992 1628 1081 1677 sed
1130 1628 1295 1678 etiam
1343 1645 1544 1690 vocem,
1591 1627 1708 1678 bini
1756 1644 1818 1678 ac
1865 1627 1980 1679 bini
2024 1627 2280 1678 submisse

384 1710 616 1760 dicentes
641 1727 702 1760 ea
725 1727 859 1777 quae
882 1712 1090 1761 recitari
1114 1712 1308 1763 debent
1323 1712 1484 1780 juxta
1506 1712 1754 1763 rubricas.

527 1796 612 1843 22.
663 1792 837 1853 Quum
875 1795 1118 1844 omnibus
1161 1795 1282 1845 aliis
1319 1793 1552 1845 ecclesiis
1576 1793 1890 1844 cathedralis
1926 1793 2281 1861 praeeminere

385 1879 573 1929 debeat
605 1879 662 1928 in
699 1879 766 1929 iis
807 1896 939 1946 quae
982 1880 1049 1929 ad
1092 1879 1299 1929 cultum
1338 1880 1582 1930 divinum
1625 1882 1883 1945 spectant,
1926 1894 2106 1929 omnes
2154 1894 2279 1928 cum

384 1963 616 2013 maxima
640 1964 932 2027 devotione,
957 1966 1160 2031 pietate
1184 1970 1240 2015 et
1263 1965 1527 2034 gravitate
1559 1964 1627 2014 ad
1658 1964 1848 2014 missae
1877 1962 2280 2014 celebrationem

376 2048 610 2110 adstent,
635 2052 690 2098 et
714 2053 953 2099 accurate
979 2053 1185 2099 servent
1207 2049 1437 2100 rubricas
1461 2048 1705 2111 missalis,
1720 2052 1776 2098 et
1799 2047 2207 2110 caeremoniaIiS,
2225 2051 2283 2098 et

380 2132 688 2182 authentica
713 2132 766 2184 S.
792 2133 856 2183 R.
884 2132 941 2183 G.
967 2150 1210 2201 responsa
1234 2138 1291 2184 et
1315 2135 1539 2185 decreta.
2062 2198 2065 2201 Ι

525 2219 610 2267 23.
660 2218 742 2268 Ad
767 2218 987 2268 formam
1012 2219 1210 2269 decreti
1237 2218 1290 2270 S.
1312 2215 1747 2288 Congregationis
1772 2219 1910 2270 card.
1929 2218 2280 2284 interpretum

383 2301 438 2353 S.
482 2300 703 2352 Concilii
747 2303 1063 2367 Tridentini,
1101 2306 1205 2355 duo
1244 2305 1502 2368 canonici,
1535 2305 1670 2355 alter
1701 2305 1770 2356 ab
1806 2306 2067 2372 episcop0,
2092 2302 2226 2353 alter
2249 2319 2282 2352 a

378 2388 615 2454 capitulo
672 2388 934 2455 deputati,
999 2391 1277 2459 invigilare
1334 2390 1602 2440 debebunt
1658 2394 1874 2440 exactae
1921 2388 2281 2440 observantiae

384 2473 620 2522 omnium
644 2489 778 2539 quae
800 2474 867 2523 ad
899 2474 1093 2525 Missae
1127 2480 1183 2525 et
1219 2475 1519 2526 divinorum
1553 2474 1842 2525 officiorum
1878 2473 2280 2524 convenientem

383 2558 744 2607 recitationem
768 2558 1051 2625 pertinent.
1102 2557 1163 2629 (J
1165 2576 1254 2610 un.
1279 2562 1364 2623 18,
1389 2561 1543 2622 1589,
1562 2559 1706 2627 apud
1725 2557 1997 2623 CRFSPIN„
2013 2556 2095 2609 De
2110 2553 2281 2621 visit„

381 2657 436 2709 p.
465 2640 608 2709 387.)

919 2774 978 2829 V.
1029 2776 1108 2829 De
1143 2777 1385 2831 Ecclesia
1417 2776 1750 2832 Gathedrali.

527 2911 612 2959 24.
661 2908 696 2959 J
697 2926 759 2959 us
783 2909 1254 2964 administrationis
1278 2913 1582 2981 temporalis
1614 2917 1671 2964 et
1703 2909 1996 2980 spiritualis
2031 2909 2280 2962 ecclesiae

383 2992 693 3044 cathedralis
717 2995 985 3062 integrum
1008 3003 1311 3063 permaneat
1334 2999 1478 3066 apud
1503 3000 1825 3065 episcopum,
1848 2998 1953 3047 nisi
1977 2996 2133 3046 aliter
2155 3013 2279 3046 auc-

383 3079 598 3129 toritate
624 3078 675 3128 S.
703 3077 851 3130 Sedis
876 3081 1035 3131 fuerit
1066 3082 1351 3149 provisum.
1425 3082 1736 3151 Capitulum
1774 3086 1956 3132 tamen
1986 3084 2164 3148 potest
2198 3081 2278 3131 ibi

377 3162 563 3212 divina
586 3162 755 3214 officia
777 3181 1034 3234 peragere.

525 3248 607 3297 25.
659 3247 741 3298 Ad
789 3249 1010 3300 formam
1060 3249 1285 3302 Concilii
1333 3253 1632 3304 Tridentini
1681 3268 2022 3303 oeconomum
2070 3251 2137 3302 de
2183 3267 2278 3302 suo

382 3331 579 3398 gremio
604 3333 896 3398 capitulum
920 3335 1220 3403 deputabit,
1246 3338 1366 3389 sede
1395 3342 1635 3401 vacante,
1671 3338 1740 3388 ad
1779 3353 1958 3388 curam
1991 3335 2275 3405 gerendam

378 3414 627 3466 ecclesiae
651 3416 978 3471 cathedralis,

693 3568 789 3622 VI.
837 3568 917 3621 De
948 3569 1252 3638 Diynitatc,
1288 3572 1509 3641 Officiis,
1543 3578 1592 3626 et
1626 3571 1980 3643 officialibus.

528 3698 612 3749 26.
665 3697 835 3749 Unica
859 3701 1091 3769 dignitas
1117 3702 1217 3753 erit
1252 3702 1671 3772 praepositura,
1708 3722 1845 3773 quae
1877 3704 1932 3756 S.
1967 3703 2092 3756 Sedi
2116 3720 2275 3755 reser-

382 3784 552 3831 vatur.
