2534 4374
419 466 502 528 68
1002 482 1163 526 00110.
1206 482 1381 526 PRov.
1426 483 1650 526 wEs'rM.
1698 485 1738 526 1.

404 633 675 700 rquaedam
710 632 952 700 pluribus
987 630 1307 681 dioecesibus
1345 633 1649 683 communia
1674 635 2020 701 reperiantur,
2045 637 2104 687 in
2127 638 2320 706 quibus

413 718 590 768 clerici
641 717 759 768 aliis
797 717 1073 784 Episcopis
1115 715 1227 782 subj
1235 717 1339 766 ecti
1389 716 1766 769 instituuntur.
1840 719 2089 773 Precibus
2138 709 2327 790 itaque⁸

412 803 694 871 propositis
726 803 785 852 in
825 800 1059 870 generali
1083 805 1350 851 conventu
1373 801 1560 852 habito
1590 802 1679 854 die
1704 805 1736 854 5
1763 804 1977 872 Aprilis,
2007 808 2134 858 anni
2163 810 2320 870 1852,

414 887 837 938 Eminentissimi
873 887 1057 937 Patres
1105 886 1448 937 annuendum
1487 893 1824 952 censuerunt,
1866 894 1932 940 ut
1973 890 2225 960 Episcopi
2261 895 2319 943 in

412 974 493 1040 cuj
501 990 562 1023 us
611 971 933 1023 dioecesibus
982 971 1263 1022 seminaria
1322 971 1630 1039 hujusmodi
1689 975 1983 1026 constituta
2042 975 2319 1042 habentur,

411 1062 702 1109 memorata
763 1057 1018 1108 facultate
1068 1058 1244 1109 favore
1291 1059 1458 1109 etiam
1517 1076 1624 1110 non
1686 1061 2020 1114 subditorum
2080 1067 2318 1129 utantur,

411 1143 620 1212 praevio
646 1147 829 1194 tamen
854 1160 1109 1195 consensu
1131 1143 1413 1211 respectivi
1446 1143 1729 1197 Ordinarii.

554 1227 709 1277 Hanc
733 1244 856 1278 vero
882 1226 936 1278 S.
965 1226 1402 1298 Congregationis
1441 1231 1763 1282 sententiam
1789 1231 2135 1285 Sanctissimo
2156 1233 2224 1286 D.
2248 1235 2317 1286 N.

411 1312 511 1363 Pio
554 1312 731 1379 Papae
780 1311 866 1362 IX
914 1312 983 1363 ab
1030 1313 1364 1382 infrascripto
1413 1313 1468 1366 S.
1520 1313 1578 1367 C.
1630 1317 1906 1369 secretario
1952 1318 2195 1384 relatam,
2255 1320 2316 1371 in

408 1396 688 1447 audientia
713 1396 822 1447 diei
850 1397 881 1448 6
906 1397 1143 1465 ejusdem
1167 1400 1363 1450 mensis
1399 1403 1457 1450 et
1491 1401 1637 1463 anni,
1664 1400 1932 1454 Sanctitas
1957 1402 2066 1454 Sua
2088 1404 2318 1473 benigne

410 1482 671 1550 probavit,
694 1485 856 1549 atque
889 1498 951 1532 ea
974 1483 1181 1534 ratione
1211 1485 1465 1552 porrectis
1501 1486 1744 1554 precibus
1778 1488 2020 1553 indulsit,
2044 1491 2318 1541 contrariis

410 1567 811 1634 quibuscunque
834 1583 942 1617 non
966 1568 1317 1622 obstantibuS.

554 1651 775 1717 Datum,
798 1656 921 1717 etc.,
945 1654 1013 1704 21
1039 1653 1257 1723 Aprilis,
1288 1657 1444 1707 1852.

1450 1748 1534 1799 Al.
1573 1748 1854 1814 BARNABo,
1877 1748 2240 1805 Secreta‘tws.

1283 2149 1437 2202 XVI.

554 2344 653 2396 DE
703 2343 1204 2398 ORDINATIONE
1253 2343 1350 2395 AD
1401 2344 1741 2412 TITULUM
1788 2345 2178 2402 MISSIONIS.

917 2490 1039 2529 DEC-
1077 2490 1119 2529 S.
1159 2488 1323 2527 CONG.
1360 2487 1437 2526 DE
1472 2488 1626 2526 PROP.
1664 2489 1812 2528 FIDE.

555 2651 1021 2702 Eminentissimus
1036 2666 1097 2699 ac
1116 2647 1600 2699 Reverendissimus
1617 2646 1877 2699 Dominus
1893 2647 1948 2700 S.
1964 2648 2029 2700 R.
2040 2649 2105 2700 E.
2123 2647 2301 2701 Cardi-

409 2736 548 2786 nalis
607 2736 855 2786 Nicolaus
914 2734 1201 2797 Wiseman‚
1243 2731 1680 2799 Archiepiscopus
1722 2732 2310 2797 WestmonasteriensiS,

412 2826 469 2871 et
492 2820 606 2870 BR.
624 2819 864 2870 ΡΡ.-ΗΒ.
886 2819 1139 2885 Episcopi
1152 2817 1380 2886 Angliae
1403 2816 1769 2867 adnotandum
1792 2817 2075 2881 duxerunt,
2098 2822 2308 2870 attento

414 2922 626 2956 suarum
675 2903 1028 2954 Ecclesiarum
1077 2906 1241 2966 statu,
1289 2901 1434 2952 haud
1482 2899 1639 2950 facile
1689 2899 1902 2952 clericos
1961 2902 2030 2952 ad
2088 2903 2311 2970 majores

408 2991 617 3041 ordines
639 3006 732 3056 per
754 2987 942 3038 titulos
965 2988 1162 3054 passim
1197 2989 1433 3053 receptos
1455 2985 1749 3052 promoveri
1772 3002 1919 3053 posse
1940 3004 1954 3035 :
1989 2987 2310 3055 proindeque

411 3071 747 3139 postularunt
803 3074 870 3120 ut
926 3087 1020 3137 pro
1079 3069 1311 3136 quodam
1370 3085 1589 3119 numero
1649 3085 1865 3120 casuum
1924 3070 2149 3122 facultas
2208 3072 2310 3124 sibi

413 3157 730 3206 tribueretur
792 3155 1070 3205 ordinandi
1125 3154 1194 3204 ad
1246 3154 1474 3204 titulum
1526 3154 1810 3205 missionis,
1906 3153 2111 3206 Relatis
2166 3155 2310 3208 hisce

412 3241 651 3308 precibus
675 3240 734 3289 in
758 3239 988 3308 generali
1014 3242 1279 3289 conventu
1312 3238 1366 3290 S.
1407 3238 1463 3290 C.
1501 3238 1687 3290 habito
1723 3239 1810 3290 die
1843 3239 1877 3290 5
1903 3238 2117 3307 Aprilis,
2146 3241 2302 3304 1852,

413 3324 835 3374 Eminentissimi
867 3323 974 3374 ΡΡ.
1003 3328 1333 3387 censuerunt,
1367 3324 1412 3374 si
1446 3323 1790 3375 Sanctissimo
1826 3323 2101 3390 placuerit,
2138 3325 2307 3376 tribu-

412 3410 602 3460 endam
643 3425 752 3458 esse
789 3407 1101 3458 facultatem
1135 3407 1296 3475 juxta
1336 3411 1572 3459 tenorem
1614 3409 1959 3459 concessionis
1997 3425 2131 3475 quae
2168 3425 2306 3461 anno

416 3493 549 3545 1741
603 3493 890 3543 Hiberniae
925 3492 1201 3559 Episcopis
1248 3493 1390 3543 facta
1439 3497 1538 3556 est,
1573 3510 1766 3561 nempe
1813 3497 1877 3543 ut
1912 3492 2166 3561 Episcopi
2212 3496 2305 3562 qui

411 3577 649 3646 Anglicis
673 3576 921 3627 Ecclesiis
945 3581 1212 3644 praesunt,
1231 3577 1445 3628 clericos
1469 3594 1683 3628 suarum
1705 3578 1995 3645 respective
2008 3578 2303 3630 dioecesum

399 3664 479 3714 ad
517 3662 740 3712 titulum
783 3662 1047 3711 missionis
1088 3678 1254 3728 usque
1286 3662 1355 3712 ad
1389 3678 1671 3712 numerum
1696 3662 1975 3713 duodecim
2003 3679 2303 3730 promovere

410 3747 628 3814 possint,
646 3746 899 3812 praestito
917 3750 1098 3797 tamen
1122 3747 1266 3814 prius
1288 3746 1357 3797 ab
1374 3747 1503 3814 ipsis
1519 3747 1821 3798 ordinandis
1836 3746 2142 3814 juramento
2160 3766 2301 3799 exer-
