2534 4374
440 430 559 489 102
1004 445 1172 487 CONC.
1216 444 1382 486 PRov.
1429 445 1646 485 wsss'rM.
1696 445 1758 485 11.

428 608 534 659 que
581 590 807 658 pecunia
854 606 960 640 non
1009 588 1178 639 solum
1226 587 1339 654 ejus
1387 586 1632 637 honestae
1681 588 2073 652 sustentationi,
2123 588 2214 640 sed
2273 593 2331 639 et

430 678 731 744 sumptibus
767 675 998 744 religiosi
1046 674 1239 736 cultuS,
1288 674 1682 723 manutentioni
1731 674 1974 738 fabricae,
2023 675 2236 739 debitiS,
2283 676 2331 726 si

425 779 564 829 quae
615 763 738 824 sint,
795 761 1071 823 solvendis,
1132 759 1357 826 aliisque
1418 757 1723 825 hujusmodi
1782 760 2165 826 providendum
2228 770 2325 812 est.

427 847 652 910 Idcirco,
686 849 730 898 si
766 847 1029 897 discedere
1065 862 1096 894 a
1132 845 1382 894 missione
1417 844 1580 895 alicui
1630 845 1887 895 sacerdoti
1935 847 2220 915 contigerit
2267 836 2352 897 in*

424 933 553 1004 anni
591 950 761 995 cursn,
798 948 904 982 non
932 930 1024 998 jus
1060 929 1222 980 habet
1268 929 1337 979 ad
1385 933 1557 980 ratam
1606 934 1813 996 partem
1861 930 2112 982 introitus
2160 934 2325 983 annui
2385 974 2387 976 .

423 1018 529 1068 nisi
588 1019 734 1085 prius
795 1016 1102 1067 detrahatur
1154 1031 1273 1081 pars
1318 1014 1466 1082 juste
1512 1015 1827 1083 assignanda
1886 1014 1992 1066 illis
2052 1018 2322 1085 impensis.

426 1102 685 1154 Similiter
720 1119 782 1152 ea
817 1118 950 1169 quae
986 1101 1285 1168 providerat
1320 1117 1414 1166 pro
1451 1100 1715 1151 Ecclesiae
1739 1117 1840 1151 usu
1864 1118 1928 1152 ex
1950 1102 2080 1169 ipsis
2103 1103 2326 1154 redditi-

423 1188 518 1238 bus
556 1188 837 1249 Ecclesiae,
873 1204 921 1238 v.
957 1202 1010 1252 9.
1049 1202 1236 1248 661608,
1274 1185 1462 1235 vinum
1498 1202 1591 1253 pro
1638 1184 1987 1237 Sanctissimo
2037 1186 2322 1253 SacrificiO,

424 1290 623 1324 sacram
672 1271 1074 1340 supellectilem,
1120 1274 1242 1337 post
1289 1287 1343 1321 se
1391 1270 1683 1338 relinquere
1731 1270 1889 1321 debet
1936 1271 2130 1339 absque
2179 1290 2322 1324 com—

420 1359 741 1426 pensatione,
804 1358 910 1408 nisi
970 1360 1207 1407 constare
1267 1356 1432 1407 faciat
1490 1356 1627 1407 hanc
1687 1357 2038 1424 provisionem
2097 1375 2320 1427 aequam

415 1445 676 1496 rationem
713 1444 973 1494 excedere.

562 1530 634 1582 X.
683 1529 925 1580 Diversas
985 1527 1202 1596 quidem
1251 1526 1529 1578 methodos
1581 1527 1868 1596 colligendi
1922 1530 2172 1596 pecunias
2226 1547 2320 1599 pro

417 1616 728 1666 missionum
803 1614 1188 1665 sustentatione
1257 1612 1552 1680 praevalere
1624 1614 1869 1664 omnibus
1942 1615 2072 1666 satis
2144 1621 2314 1684 patet.

419 1700 708 1767 Sequentes
743 1700 803 1749 in
837 1699 1023 1766 primis
1059 1715 1166 1749 non
1201 1698 1570 1765 improbandas
1607 1715 1893 1762 censemus,
1930 1700 2096 1752 donec
2125 1703 2318 1755 melius

416 1803 510 1855 per
533 1785 847 1837 charitatem
882 1783 1124 1834 fidelium
1160 1784 1430 1851 provisum
1467 1784 1645 1834 fuerit.
1685 1783 1824 1835 Sunt
1859 1786 2043 1855 igitur.

565 1873 610 1920 1.
662 1869 881 1922 Sedium
936 1886 1027 1919 seu
1076 1869 1309 1920 locorum
1370 1869 1658 1935 assignatio
1719 1869 1874 1920 certis
1933 1873 2165 1938 personis
2226 1891 2319 1926 seu

415 1956 638 2007 familiis
674 1972 707 2006 a
743 1954 934 2022 quibus
970 1955 1328 2022 compensatio
1365 1955 1718 2006 determinata
1753 1956 1911 2007 datur
1944 1958 2210 2011 ecclesiae.

558 2044 608 2092 2.
661 2039 924 2092 Collectae
960 2040 1028 2090 ad
1066 2038 1407 2092 Offertorium
1443 2042 1501 2092 in
1540 2041 1759 2094 ecclesia
1796 2042 1986 2095 factae.

558 2129 608 2178 3.
659 2126 761 2176 Pro
810 2125 1190 2176 consuetudine
1237 2126 1553 2194 generaliter
1601 2127 1659 2177 in
1708 2126 1904 2196 Anglia
1952 2129 2186 2198 vigente,
2237 2149 2317 2183 so-

412 2215 550 2266 lutio
603 2211 814 2262 nummi
868 2210 1210 2261 determinati
1256 2211 1416 2278 juxta
1471 2211 1789 2279 qualitatem
1840 2213 1944 2265 loci
2004 2217 2316 2286 occupandi,

409 2301 480 2351 ab
515 2301 582 2350 iis
618 2299 711 2365 qui
746 2297 924 2348 locum
959 2297 1290 2366 assignatum
1326 2314 1432 2349 non
1469 2297 1684 2362 habent,
1731 2298 1923 2351 nolunt
1971 2316 2092 2353 vero
2139 2300 2316 2354 locum

413 2387 657 2448 liberum,
693 2391 758 2434 ut
794 2383 966 2446 aiunt,
1004 2399 1277 2450 occupare.

554 2473 607 2522 4.
659 2467 944 2520 Conciones
1004 2467 1072 2519 ab
1131 2467 1310 2535 aliquo
1370 2468 1650 2537 insigniori
1698 2469 1843 2520 verbi
1892 2469 1994 2522 Dei
2042 2487 2313 2538 praecone,

356 2621 358 2623 ³
410 2561 533 2626 post
568 2572 696 2623 quas
732 2554 1027 2622 generatim
1064 2570 1158 2620 pro
1194 2553 1450 2617 Ecclesia,
1499 2554 1582 2604 vel
1631 2571 1725 2622 pro
1773 2554 1953 2622 aliqua
2002 2556 2116 2623 ejus
2163 2563 2316 2624 parte

413 2667 503 2700 seu
565 2647 931 2709 attributione,
992 2645 1317 2714 colliguntur
1370 2646 1735 2697 assistentium
1789 2646 2164 2714 eleemosynae,
2218 2650 2314 2716 qui

410 2751 562 2802 saepe
598 2749 662 2784 ex
698 2732 818 2782 aliis
855 2732 1350 2801 congregationibus
1374 2736 1672 2794 accurrunt,
1698 2731 1994 2799 stipemque
2018 2732 2308 2786 conferunt.

555 2820 604 2870 5.
655 2815 919 2868 Collectae
961 2833 1096 2884 quae
1138 2816 1224 2867 vel
1248 2817 1315 2868 de
1354 2816 1511 2868 domo
1550 2816 1610 2866 in
1634 2815 1854 2866 domum
1877 2815 2033 2878 fiunt,
2058 2832 2151 2882 per
2174 2818 2312 2870 viros

410 2907 478 2957 ad
502 2905 600 2956 hoc
625 2904 906 2971 deputatos
948 2905 1045 2952 aut
1068 2919 1160 2969 per
1184 2903 1460 2953 societates
1486 2906 1542 2952 et
1566 2900 2040 2963 confraternitateS,
2064 2901 2308 2971 legitime

405 2993 703 3053 institutaS,
727 2989 811 3040 vel
837 2988 1123 3057 exiguntur
1164 3005 1256 3055 per
1297 2988 1533 3038 decurias
1575 2990 1672 3037 aut
1695 2987 1975 3049 centuriaS,
2001 2992 2160 3054 prout
2192 2988 2306 3040 fieri

408 3078 539 3127 solet
563 3095 594 3127 a
617 3073 876 3126 laudabili
919 3072 1186 3145 Societate
1224 3072 1628 3141 Propagationis
1670 3071 1828 3122 Fidei
1870 3077 2195 3139 nuncupata,
2220 3077 2304 3126 vel

403 3180 540 3230 quae
586 3179 619 3212 a
671 3159 968 3222 ditioribuS,
1028 3158 1245 3209 statutis
1304 3157 1628 3225 temporibus
1687 3160 1784 3208 aut
1843 3157 2067 3225 singulis
2127 3161 2298 3224 annis,

414 3248 703 3298 solvuntur.

552 3331 651 3383 XI.
702 3330 952 3392 Quamvis
977 3329 1223 3396 equidem
1263 3327 1621 3395 exoptandum
1662 3330 1817 3390 esset,
1839 3328 2013 3395 plures
2056 3345 2121 3379 ex
2163 3329 2307 3383 hisce

409 3417 580 3468 modis
622 3413 951 3466 sustentandi
995 3413 1286 3464 Ecclesiam
1327 3429 1476 3480 posse
1516 3429 1546 3463 e
1581 3411 1758 3462 medio
1791 3412 1929 3475 tolli,
1962 3413 2081 3480 jam
2123 3417 2304 3467 tamen

410 3500 733 3568 experientia
775 3499 958 3549 docuit
996 3497 1168 3548 adhuc
1210 3497 1538 3564 impossibile
1575 3513 1683 3547 esse
1730 3497 1928 3547 talibus
1977 3499 2301 3564 adjumentis

407 3586 555 3636 omni
578 3601 643 3635 ex
665 3584 1181 3651 parte‘supersedere.
1259 3583 1367 3634 Ubi
1393 3583 1561 3652 igitur
1584 3600 1708 3633 usus
1729 3582 1847 3649 jam
1871 3583 2108 3652 inviguit
2134 3602 2303 3636 unum

410 3670 494 3721 vel
517 3670 691 3737 plures
733 3686 796 3719 ex
834 3669 963 3735 ipsis
1001 3668 1306 3731 adhibendi,
1330 3668 1628 3719 continuari
1667 3668 1746 3718 ita
1770 3668 1941 3731 debet,
1969 3672 2030 3719 ut
2071 3670 2220 3721 nulla
2243 3671 2301 3721 in
2332 3692 2336 3697 ·

406 3755 484 3807 eis
507 3754 780 3807 innovatio
805 3754 998 3821 absque
1024 3753 1276 3821 Episcopi
1301 3754 1518 3806 arbitrio
1542 3754 1925 3805 introducatur.
1986 3753 2300 3806 Praesertim
