2534 4374
465 430 590 489 214
1037 451 1193 492 com.
1240 452 1404 493 PRov.
1450 453 1668 494 WEsTM.
1718 454 1792 495 1v.

459 599 819 666 adjiciendum
861 600 1173 650 censemus,2
1265 600 1330 650 In
1374 602 1796 652 transmittendis
1820 602 2126 654 nominibus
2150 619 2183 652 a
2209 599 2366 670 Capi-

459 685 576 736 tulo
625 685 931 753 designatiS,
980 689 1167 735 curent
1216 687 1454 736 canonici
1507 692 1571 737 ut
1625 687 1693 736 ad
1742 687 2238 754 Metropolitanum,
2282 687 2364 737 vel

459 771 527 822 ad
570 771 891 838 Episcopum
931 769 1045 836 ejus
1083 771 1222 821 vices
1259 776 1551 838 gerentem,
1588 771 1842 839 adjuncta
1881 774 2065 835 etiam,
2101 776 2364 839 quantum

459 855 574 906 fieri
621 855 835 922 poterit,
883 870 1020 921 quae
1079 871 1322 922 personas
1379 857 1777 907 commendatas⁴
1819 857 2108 924 respiciunt
2156 857 2366 925 scriptis

461 941 848 991 transmittant.

1142 1094 1549 1147 DECRETUM
1585 1095 1688 1147 IX.

1183 1228 1266 1281 De
1288 1227 1650 1283 Seminariis.

610 1365 656 1414 1.
706 1362 851 1414 Dum
868 1364 927 1414 in
944 1363 1144 1414 mundo
1164 1363 1465 1414 versabatur
1479 1363 1741 1415 Dominus
1764 1368 1939 1416 noster
1962 1366 2030 1416 ad
2056 1366 2366 1417 salvandum

459 1465 624 1517 genus
646 1447 962 1511 humanum,
981 1448 1272 1498 maximam
1296 1447 1355 1498 in
1380 1464 1441 1500 eo
1466 1466 1645 1500 curam
1669 1451 1988 1518 impendisse
2014 1452 2156 1502 visus
2181 1455 2279 1514 est,
2302 1456 2367 1501 ut

461 1553 524 1585 ex
547 1534 744 1602 populo
770 1534 892 1601 Ipse
916 1533 1170 1600 quosdam
1195 1532 1440 1602 seligeret
1462 1535 1599 1585 viros
1623 1535 1716 1603 qui
1742 1553 1918 1586 secum
1952 1540 2366 1604 cooperarentur.

460 1620 600 1680 Quos
636 1624 819 1671 autem
843 1619 910 1670 de
941 1619 1142 1670 mundo
1167 1619 1236 1670 ad
1260 1636 1314 1670 se
1338 1624 1632 1683 vocaverat,
1655 1637 1742 1671 eos
1767 1621 1923 1672 labiis
1949 1621 2056 1672 suis
2081 1621 2367 1690 diligenter

460 1705 772 1768 instruebat,
808 1705 867 1755 in
908 1705 1085 1756 medio
1124 1722 1303 1756 eorum
1342 1705 1573 1768 vivebat,
1610 1722 1734 1756 cum
1772 1706 1904 1774 ipsis
1943 1707 2268 1757 manducans
2311 1711 2367 1758 et

460 1790 660 1854 bibenS,
686 1808 990 1858 semperque
1015 1807 1100 1842 eos
1124 1791 1182 1841 in
1207 1791 1294 1841 via
1327 1792 1494 1841 crucis
1533 1792 1862 1859 praecedenS,
1895 1796 1951 1843 et
1989 1809 2124 1859 quae
2163 1793 2368 1862 agenda

459 1879 610 1927 erant
633 1893 807 1926 coram
833 1877 908 1927 eis
932 1877 1135 1944 primus
1160 1875 1282 1943 Ipse
1306 1875 1598 1943 perficiens·

603 1961 774 2012 Verbo
791 1962 975 2028 itaque
994 1965 1051 2012 et
1067 1961 1306 2028 exemplo
1322 1978 1408 2012 eos
1423 1961 1623 2025 docuit,
1633 1963 1725 2028 qui
1737 1962 2028 2014 Ecclesiam
2045 1981 2137 2015 suo
2152 1964 2368 2014 nomine

460 2047 654 2098 recturi
671 2053 839 2109 erant,
853 2051 918 2097 ut
935 2064 1060 2097 cum
1078 2047 1263 2098 eadem
1280 2046 1645 2097 familiaritate
1669 2064 1730 2098 ac
1755 2052 1936 2099 sancto
1963 2048 2204 2116 exemplo
2228 2049 2367 2099 in‘oer

460 2131 746 2199 discipulos
765 2149 883 2182 suos
903 2133 1158 2194 viverent,
1174 2132 1442 2182 monitum
1467 2132 1605 2182 illud
1623 2132 2007 2200 adimplentes:
2048 2131 2163 2198 Qui
2185 2133 2369 2202 ‘major

461 2223 538 2270 est
573 2216 723 2269 inter
764 2234 874 2281 vos,
903 2216 1018 2285 fiat
1056 2215 1206 2269 sicut
1246 2216 1471 2279 ‘minom
1520 2222 1569 2270 et
1606 2216 1709 2287 qui
1742 2235 2061 2288 praecessor
2103 2224 2197 2283 est,
2221 2218 2369 2272 siout

461 2301 857 2355 ministrator}

606 2391 657 2440 2.
706 2387 856 2439 Haec
879 2392 1061 2439 autem
1085 2387 1372 2440 Salvatoris
1396 2389 1624 2458 vestigia
1656 2390 1904 2441 novimus
1929 2390 2221 2442 Ecclesiam
2258 2391 2367 2442 illis

462 2474 683 2525 saeculis
706 2473 948 2543 religiose
973 2478 1211 2524 secutam
1237 2474 1411 2536 fuisse,
1435 2474 1646 2542 quibus,
1671 2479 1736 2525 ut
1760 2476 1888 2526 satis
1922 2479 2148 2539 constat,
2172 2493 2367 2546 magna

462 2560 780 2628 perfectione
806 2558 1133 2626 splendebat,
1158 2575 1456 2628 magnaque
1479 2559 1727 2610 libertate
1752 2560 2037 2612 fruebatur.

606 2645 673 2695 In
720 2644 959 2695 Ecclesia
1006 2643 1262 2707 Romana,
1310 2661 1343 2694 a
1390 2648 1625 2712 tempore
1676 2644 2012 2697 Constantini
2072 2663 2239 2713 usque
2298 2646 2366 2697 ad

463 2730 731 2782 saeculum
754 2741 899 2792 XIII„
923 2729 983 2779 in
1009 2728 1198 2780 Schola
1223 2729 1564 2780 Lateranensi
1589 2730 1687 2781 sub
1711 2731 1876 2781 oculis
1901 2730 2179 2781 Pontificis
2203 2731 2366 2782 clerus

367 2861 373 2873 ,,
462 2815 859 2866 instituebatur.
933 2814 1259 2865 Labentibus
1309 2814 1546 2878 saeculiS,
1595 2815 1653 2864 in
1704 2813 1952 2866 Conciliis
1999 2832 2091 2883 per
2139 2816 2366 2867 diversas

463 2900 705 2967 Europae
741 2899 978 2967 regiones
1019 2899 1293 2950 celebratis
1332 2901 1596 2950 sancitum
1633 2900 1740 2951 fuit
1775 2904 1840 2950 ut
1864 2900 2032 2951 clerus
2056 2901 2367 2952 formaretur

463 2986 560 3037 sub
582 2985 868 3052 episcopali
892 2985 1188 3052 praesentia
1213 2989 1308 3035 aut
1331 2986 1389 3035 in
1415 2985 1696 3052 episcopio,

605 3071 654 3121 A
693 3070 994 3138 primordiis
1042 3069 1211 3137 igitur
1254 3069 1537 3132 Ecclesiae,
1578 3070 1887 3121 sacerdotali
1929 3071 2195 3122 vocationi
2243 3089 2367 3122 con-

463 3174 656 3226 gruum
694 3155 910 3207 omnino
951 3158 1260 3222 reputatum
1301 3158 1398 3216 est,
1422 3158 1487 3204 ut
1523 3154 1701 3206 clerici
1726 3172 1758 3205 a
1782 3156 1932 3206 laicis
1957 3155 2186 3223 sejuncti
2210 3157 2366 3207 insti-

463 3245 752 3293 tuerentur.
827 3239 931 3300 Qui
957 3240 1101 3290 enim
1126 3243 1381 3290 vocantur
1404 3240 1471 3290 ad
1496 3239 1684 3290 altiora
1723 3239 1912 3302 officia,
1937 3240 2114 3291 altiori
2157 3258 2365 3308 quoque

464 3326 746 3394 disciplina
770 3325 983 3376 formari
1008 3325 1221 3376 debent.

608 3414 658 3462 3.
707 3410 851 3460 Talis
875 3414 1055 3460 autem
1080 3410 1374 3472 distinctio,
1398 3409 1493 3460 ubi
1518 3408 1632 3460 fieri
1655 3412 1881 3476 poterat,
1906 3426 1998 3476 per
2033 3409 2205 3476 priora
2235 3409 2365 3459 duo·-

464 3497 638 3548 decim
679 3495 904 3558 saecula,
939 3495 998 3545 in
1040 3494 1231 3545 scholis
1268 3498 1381 3544 tam
1419 3494 1803 3561 episcopalibus
1841 3511 2000 3561 quam
2039 3493 2363 3556 monasticiS‚

1248 3647 1264 3673 ¹
1282 3646 1386 3686 Luc.
1408 3645 1513 3686 xxii.
1538 3648 1600 3685 26.
