2534 4374
974 468 1249 511 DECRETA.
1934 456 2054 516 241

143 616 584 669 ecclesiasticum.
660 616 858 668 Merito
891 618 1110 685 proinde
1147 619 1357 686 scripsit
1388 617 1568 670 Guido
1594 619 1872 671 Aretinus:
1913 626 1946 651 ⁶⁶
1967 623 2065 674 Ille

150 703 383 753 maxime
400 702 711 753 auctoritati
731 702 998 754 Ecclesiae
1018 704 1354 765 contradicit,
1373 704 1468 771 qui
1488 710 1699 772 propter
1724 705 1854 755 alios
1879 713 2065 758 cantus

151 787 396 839 divinum
434 787 590 838 Beati
632 786 872 857 Gregorii
912 788 1127 855 penitus
1164 788 1616 856 praetermittit,''¹
1687 795 1721 820 ⁶⁶
1739 789 1938 842 Cantus
1964 792 2064 843 iste

151 872 242 923 ille
267 872 395 936 est,''
432 872 567 923 dicit
593 872 932 936 BenedictuS,
953 873 1066 923 loco
1091 874 1299 937 citato,2
1334 878 1368 904 ⁶⁶
1384 874 1477 942 qui
1504 873 1745 925 fidelium
1771 878 1974 927 animos
1999 879 2064 927 ad

143 957 487 1009 >devotionem
511 963 566 1008 et
590 959 851 1026 pietatem
878 959 1110 1010 excitatt
1148 958 1339 1009 deinde
1364 959 1457 1010 ille
1492 964 1572 1010 est
1602 962 1714 1028 qui,
1741 962 1783 1011 si
1810 967 1951 1013 recte
1976 964 2065 1014 de-

152 1046 434 1111 centerque
473 1047 774 1112 peragatur,
806 1043 862 1093 in
897 1042 998 1094 Dei
1031 1042 1264 1093 ecclesiis
1294 1060 1326 1093 a
1355 1044 1459 1112 piis
1484 1044 1789 1097 hominibus
1815 1047 2066 1099 libentius

140 1127 366 1180 ..auditur
380 1146 395 1190 3
433 1133 488 1180 et
520 1129 691 1190 alteri,
720 1129 814 1195 qui
847 1132 1035 1178 cantus
1074 1127 1410 1179 harmonicus
1450 1146 1541 1180 seu
1580 1131 1811 1181 musicus
1853 1133 2064 1195 dicitur,

151 1214 342 1265 merito
367 1212 703 1282 praefertur.”

294 1297 452 1350 Porro
477 1297 736 1366 ejusmodi
763 1297 1181 1348 ecclesiasticum
1207 1299 1461 1350 cantandi
1487 1299 1721 1351 officium
1754 1304 2066 1354 exercebant

140 1383 326 1435 clerici
362 1383 506 1434 haud
541 1382 724 1451 procul
761 1382 829 1434 ab
868 1383 1043 1435 altari.
1120 1383 1451 1453 Quapropter
1489 1391 1757 1437 statutum
1784 1388 1891 1438 fuit
1918 1394 1978 1438 ut
2005 1389 2060 1439 in

150 1468 395 1520 omnibus
419 1469 783 1520 functionibus
807 1473 1045 1520 cantores
1069 1468 1261 1520 habitu
1295 1471 1406 1522 sive
1445 1477 1592 1523 veste
1626 1472 1854 1523 clericali
1897 1481 2068 1524 essent

151 1554 346 1606 induti.
421 1553 525 1616 Qui
558 1555 704 1606 enim
736 1554 991 1605 cantandi
1019 1553 1192 1606 officio
1217 1555 1516 1624 funguntur
1541 1556 1848 1607 clericorum
1875 1575 2066 1609 munus

149 1638 463 1708 adimplent,
488 1643 648 1707 atque
673 1639 803 1690 adeo
828 1639 896 1690 ad
920 1638 1143 1690 modum
1175 1639 1482 1691 clericorum
1515 1657 1624 1691 sese
1647 1658 1825 1709 gerere
1851 1643 2063 1694 debent.

152 1724 310 1776 Unde
332 1728 485 1793 patet
509 1740 671 1792 quam
695 1723 1004 1792 longissime
1029 1723 1199 1774 distat
1222 1741 1254 1775 a
1280 1725 1568 1776 traditione
1593 1729 1649 1776 et
1674 1743 1773 1777 usu
1801 1727 2067 1779 Ecclesiae

151 1810 478 1861 consuetudo
522 1810 740 1860 chorum
784 1808 1058 1860 statuendi
1101 1826 1258 1877 supra
1299 1814 1509 1878 portam
1559 1810 1823 1862 Ecclesiae
1872 1813 2068 1880 princi-

152 1895 347 1964 palem.

293 1979 385 2045 Et,
433 1982 492 2032 in
551 1979 949 2032 Constitutione
997 1977 1391 2049 Apostolicwm
1439 1979 1850 2046 Ministerium,
1900 1983 2067 2034 Bene-

151 2067 326 2118 dictus
364 2066 515 2117 XIV.
553 2066 805 2116 admonet
841 2069 907 2115 ut
944 2065 1005 2116 in
1043 2064 1351 2116 Seminariis
1386 2069 1444 2116 et
1481 2064 1729 2135 Collegiis
1773 2085 1837 2118 ex
1877 2068 2068 2135 quibus

150 2150 468 2203 missionarii
511 2149 638 2201 cleri
681 2149 959 2201 saecularis
1001 2149 1061 2201 in
1102 2150 1358 2219 Angliam
1401 2151 1708 2215 mittentur,
1751 2153 1899 2203 nulla
1943 2153 2067 2203 dili-

150 2237 336 2308 gentia
367 2241 423 2288 et
456 2253 581 2287 cura
620 2237 1097 2303 praetermittatur,
1135 2239 1200 2287 ut
1238 2236 1444 2287 alumni
1482 2238 1553 2288 ad
1592 2255 1758 2289 sacras
1797 2239 2068 2290 missiones

141 2322 407 2374 >destinati
434 2322 543 2373 sint
568 2319 744 2372 Cantu
769 2320 1114 2390 Gregoriano,
1140 2327 1403 2389 quantum
1427 2322 1542 2374 fieri
1567 2324 1781 2390 poterit,
1807 2325 2021 2375 imbuti.

298 2423 347 2471 1.
387 2419 676 2488 Sequentes
718 2421 889 2490 igitur
925 2420 1271 2472 traditionem
1316 2420 1601 2484 Ecclesiae,
1642 2424 1698 2472 et
1741 2421 1795 2473 S.
1842 2420 2065 2474 Concilii

139 2505 451 2557 'Tridentini
489 2506 801 2568 sanctioneS,
840 2521 1044 2557 necnon
1083 2505 1366 2556 Decretum
1410 2505 1581 2556 Primi
1635 2504 1860 2557 Concilii
1893 2507 2066 2558 West-

152 2590 577 2643 monasteriensis
611 2591 753 2641 xxvi.
780 2590 854 2654 50,
879 2592 1123 2643 districte
1155 2592 1470 2643 mandamus
1498 2596 1564 2641 ut
1596 2592 1653 2641 in
1679 2591 1987 2644 Seminariis
2012 2600 2066 2643 et

152 2675 398 2746 Collegiis
448 2675 815 2727 ecclesiasticis
862 2680 1107 2727 accurate
1157 2677 1399 2727 tradatur
1449 2674 1649 2727 Cantus
1693 2676 2065 2745 Gregorianus,

151 2767 271 2813 tum
296 2761 584 2812 theoretice
608 2765 729 2812 tum
754 2763 1014 2829 practice:
1052 2765 1116 2812 ut
1141 2762 1319 2812 clerici
1348 2778 1546 2824 omneS,
1573 2763 1680 2811 sive
1710 2762 1853 2828 apud
1883 2762 2065 2824 altare,

152 2849 262 2899 sive
286 2846 346 2898 in
370 2846 712 2915 presbyterio,
731 2848 840 2898 sive
864 2848 920 2897 in
940 2846 1095 2898 choro
1120 2851 1396 2898 cantorum
1417 2847 1715 2909 constituti,
1734 2847 1912 2897 omnia
1931 2864 2065 2914 quae

150 2933 235 2984 vel
276 2949 309 2984 a
352 2932 595 3002 singulis,
637 2932 724 2983 vel
766 2949 799 2984 a
843 2933 1018 2984 schola
1066 2937 1361 2995 cantorum,
1405 2932 1489 2983 vel
1532 2949 1564 2982 a
1609 2933 1816 2982 cunctis
1859 2934 2061 2983 cantari

152 3020 365 3082 debent,
382 3019 544 3086 juxta
569 3023 720 3070 tonos
749 3019 809 3069 in
849 3023 882 3050 ⁶⁶
901 3018 1281 3070 Caeremoniali
1319 3016 1748 3084 Episcoporum,”
1786 3018 1842 3067 in
1881 3023 1913 3048 ⁶⁶
1932 3017 2062 3069 Gra-

150 3102 344 3167 duali,''
386 3109 420 3135 ⁶⁶
437 3102 869 3172 Antiphonario,”
911 3108 946 3134 ⁶⁶
962 3104 1253 3155 Directorio
1305 3101 1460 3154 Chori
1478 3101 1505 3125 ''
1548 3106 1604 3153 et
1647 3103 1864 3153 caeteris
1911 3104 2058 3153 libris

150 3189 450 3251 ritualibuS,
474 3189 578 3240 rite
601 3193 814 3240 cantare
839 3190 1025 3239 sciant.

260 3341 263 3345 ,
294 3291 345 3339 2.
385 3287 581 3339 Curent
623 3288 894 3356 Episcopi,
937 3289 1114 3355 eisque
1151 3288 1423 3355 conjuncti
1467 3303 1780 3356 magnopere
1824 3288 2060 3338 laborent

150 3372 507 3424 Ecclesiamm
572 3378 809 3437 rectoreS,
874 3378 938 3424 ut
999 3372 1439 3440 praestantissimi
1503 3377 1689 3422 cantus
1753 3373 2055 3440 hujusmodi

149 3473 290 3519 118118,
315 3462 575 3525 quantum
613 3457 728 3509 fieri
764 3459 979 3525 poterit,
1006 3457 1334 3508 restituatur.
1411 3456 1759 3517 Quamobrem
1791 3457 2058 3507 Ecclesiae

146 3542 454 3609 praesertim
479 3541 820 3605 cathedraleS,
846 3546 902 3592 et
924 3559 1018 3609 per
1042 3541 1375 3591 Provinciam
1407 3541 1509 3608 maj
1518 3557 1643 3603 ores,
1669 3542 1725 3590 in
1752 3540 2053 3609 hujusmodi

371 3691 390 3715 ²
414 3693 470 3733 D.
492 3693 652 3744 Avena,
675 3695 771 3746 Req.
794 3695 903 3734 Mus.
927 3706 1015 3746 cap.
1039 3695 1103 3737 74.
1326 3692 1344 3714 ²
1368 3694 1509 3744 Enoyc.
1538 3696 1585 3733 19
1606 3692 1707 3734 Feb.
1735 3693 1849 3736 1749.
