2534 4374
920 477 1170 520 APPEND.
1220 479 1282 520 11.
1933 464 2051 528 197

148 618 454 671 districtum
498 622 713 670 maneat
747 619 1037 688 judicium,
1082 621 1125 671 si
1169 621 1500 692 negligentia
1543 623 1627 674 vel
1670 623 1902 675 socordia
1948 641 2057 687 sua,

147 704 292 773 quod
317 703 474 766 absit,
494 721 816 772 quemquam
846 706 1014 773 perire
1040 707 1339 776 contigerit.

222 788 287 839 Id
312 793 495 839 autem
541 794 605 839 ut
630 791 928 858 promptius
967 796 1023 842 et
1066 791 1290 843 alacrius
1315 798 1601 861 praestent,
1645 793 1910 845 Sanctitas
1952 793 2058 845 Sua

150 873 436 942 unicuique
460 872 673 924 illorum
700 873 998 925 Plenariam
1017 875 1436 945 Indulgentiam‚
1457 878 1749 930 Animabus
1774 896 1979 947 quoque
1999 879 2056 928 in

153 959 465 1029 Purgatorio
490 958 723 1009 detentis
739 959 1127 1026 applicabilem,
1144 966 1199 1011 et
1218 963 1486 1029 perpetuis
1507 962 1788 1014 valituram
1809 963 2058 1031 tempori-

149 1045 249 1097 bus
273 1048 602 1113 peramanter
626 1045 949 1111 impertitur,
975 1062 1079 1097 non
1107 1048 1263 1098 modo
1289 1065 1410 1099 cum
1437 1049 1769 1115 praedictum
1786 1049 2058 1117 juramen-

148 1134 271 1182 tum
294 1129 467 1198 primo
493 1129 781 1193 emiserint,
823 1147 1005 1181 verum
1050 1132 1214 1182 etiam
1259 1150 1382 1183 cum
1426 1133 1562 1184 illud
1589 1140 1793 1185 statuta
1825 1135 1941 1202 jam
1968 1135 2056 1185 die

150 1214 514 1268 renovaverint
535 1231 550 1275 3
606 1214 894 1266 dummodo
942 1215 997 1266 in
1059 1220 1284 1284 utroque
1329 1234 1452 1268 casu
1496 1219 1873 1269 conscientiam
1910 1237 2055 1270 suam

153 1302 522 1354 Poenitentiae
548 1299 887 1352 Sacramento
926 1302 1135 1368 expiare
1177 1318 1282 1352 non
1326 1303 1602 1366 omittant,
1647 1321 1707 1354 ac
1736 1305 2059 1355 Eucharisti-

148 1405 269 1439 cam
296 1385 733 1439 Communionem
761 1387 1068 1454 suscipiant,
1094 1387 1178 1438 vel
1202 1387 1398 1438 Missae
1419 1388 1683 1440 celebrent
1710 1390 2056 1442 Sacrificium.

294 1473 495 1524 Datum
520 1470 718 1522 Romae
749 1487 813 1522 ex
838 1470 1072 1523 Aedibus
1115 1472 1232 1523 Sao.
1268 1471 1431 1542 Cong.
1471 1475 1537 1525 de
1571 1475 1725 1542 Prop.
1753 1475 1885 1527 Fide
1911 1477 1998 1527 die
2026 1477 2054 1527 7

150 1558 308 1622 Maii,
345 1559 484 1609 Ann.
514 1559 669 1609 1775.

981 1629 1310 1682 STEPHANUS
1349 1630 1583 1696 Borion,
1625 1631 1981 1685 &acreum-aus.

1071 1865 1137 1917 V.

295 1999 696 2054 RESCRIPTA
755 1999 852 2052 AD
913 1999 1232 2051 MISSALE
1296 2000 1389 2050 ET
1454 1999 1921 2053 BREVIARIUM

877 2091 1341 2144 SPECTANTIA.

812 2213 939 2265 (Vide
978 2213 1106 2254 Cone.
1146 2213 1273 2254 Prov.
1310 2215 1394 2266 11.)

348 2319 675 2362 DECRETUM
730 2318 843 2360 PRO
900 2318 1357 2360 CELEBRATIONE
1412 2319 1456 2359 N
1459 2320 1880 2364 ONNULLORUM

658 2386 978 2429 FESTORUM
1033 2386 1108 2428 88.
1167 2387 1558 2429 BRITANNIAE.

298 2496 377 2547 Ut
402 2495 493 2547 88.
519 2495 766 2546 Virorum
791 2494 885 2562 qui
911 2495 1041 2545 dum
1085 2510 1117 2544 a
1140 2493 1371 2545 Domino
1396 2494 1454 2544 in
1499 2496 1650 2547 terris
1675 2499 2065 2566 peregrinaren-

149 2587 257 2645 tur,
285 2582 619 2632 Britanniam
646 2580 901 2649 sanguine
925 2597 1018 2647 pro
1043 2579 1185 2653 Xto.
1218 2578 1383 2630 effuso
1409 2580 1491 2630 vel
1536 2581 1849 2632 eximiarum
1889 2582 2062 2649 splen-

152 2669 276 2718 dore
302 2669 563 2718 virtutum
589 2666 745 2735 longe
770 2666 978 2733 lateque
997 2665 1349 2728 illustrarunt,
1374 2666 1662 2717 indelibilis
1678 2684 1843 2734 usque
1863 2684 2062 2717 memo-

153 2751 912 2822 riavigeret,Reverendissimi
937 2751 1266 2814 DeborensiS,
1286 2751 1725 2814 PhilomeliensiS,
1745 2752 2062 2802 Amoriensis

157 2843 212 2889 et
256 2837 590 2888 Ramatensis
640 2836 910 2904 Episcopi,
943 2836 1227 2906 Anglicani
1277 2837 1451 2906 Regni
1496 2837 1552 2887 in
1596 2854 1837 2904 praesens
1863 2838 2060 2887 Vicarii

155 2925 357 2992 Apost.,
394 2924 536 2992 apud
569 2923 621 2975 S.
659 2922 846 2974 Sede-m
886 2923 1179 2991 plurimum
1220 2923 1551 2986 institerunt,
1604 2923 1961 2990 supplicantes
2011 2928 2071 2973 ut

155 3011 435 3077 pristinam
462 3014 515 3060 et
558 3009 627 3060 ob
665 3012 967 3076 temporum
994 3009 1355 3059 conditionem
1392 3009 1747 3059 intermissam
1785 3015 2062 3058 consuetu-

154 3095 337 3146 dinem
362 3084 636 3145 restituere
668 3094 989 3162 dignaretur,
1035 3093 1334 3144 celebrandi
1375 3093 1487 3144 scil.
1515 3094 1573 3143 in
1614 3097 1729 3143 toto
1773 3109 1832 3143 eo
1879 3092 2061 3161 Regno

151 3180 312 3231 certis
356 3179 676 3246 statutisque
720 3178 904 3229 diebus
954 3178 1187 3229 officium
1223 3182 1280 3228 et
1323 3177 1544 3228 Missam
1584 3178 1649 3228 de
1689 3178 1955 3228 nonnullis
1999 3195 2060 3227 ex

152 3265 284 3333 ipsis
309 3244 403 3332 dui
428 3264 506 3315 ibi
531 3263 734 3315 clariori
761 3263 1061 3314 sanctitatis
1087 3263 1230 3313 fama
1256 3261 1559 3314 floruerunt.

303 3348 437 3401 Cum
480 3353 662 3400 autem
700 3349 768 3399 ad
793 3348 910 3399 Xti.
936 3348 1177 3399 fidelium
1220 3350 1477 3416 pietatem
1522 3347 1856 3399 excitandam
1901 3352 1956 3398 et
1995 3348 2061 3398 ad

153 3433 472 3487 Sanctorum
497 3433 854 3502 patrocinium
871 3433 1248 3484 demerendum
1265 3434 1550 3485 conducere
1568 3434 1625 3483 id
1644 3450 1792 3500 posse
1813 3433 2054 3483 videatur

155 3519 253 3571 SS.
303 3520 369 3570 D.
411 3519 478 3571 N.
508 3519 763 3571 CLEMENS
812 3518 921 3569 PP.
956 3519 1107 3569 XIV.
1147 3536 1241 3586 pro
1290 3524 1510 3586 paterna
1553 3518 1647 3567 illa
1677 3518 1933 3568 charitate
1959 3535 2062 3584 qua

158 3605 513 3674 Anglicanum
555 3608 770 3674 gentem
811 3602 864 3654 8.
891 3603 954 3654 R.
984 3603 1047 3654 E.
1092 3602 1465 3654 Communioni
1508 3603 1877 3653 adhaerentem
1923 3620 2063 3652 com-

153 3690 432 3758 plectitur,
471 3694 752 3757 postquam
791 3706 855 3739 ex
894 3690 999 3739 mei
1043 3689 1366 3755 infrascripti
1410 3687 1462 3739 S.
1492 3688 1548 3738 C.
1591 3688 1654 3738 de
1690 3687 1750 3737 P.
1780 3687 1839 3737 F.
1864 3687 2057 3738 Secrct.

163 3775 419 3826 relatione
433 3775 491 3825 in
516 3774 653 3824 Aud.
681 3774 786 3823 diei
800 3775 868 3823 30
884 3773 1044 3823 Mart.
1065 3773 1318 3823 currentis
1337 3772 1461 3821 anni
1478 3771 1821 3839 deprehendit
1846 3771 2065 3822 Sanctos
