2534 4374
1108 539 1384 583 monum.
2139 520 2181 581 3

317 704 720 760 DECRETUM
756 706 833 759 II.
898 706 980 759 Dc
1015 705 1266 760 Methodo
1311 706 1466 760 Vitae
1500 710 1568 761 ‘im
1604 707 1828 778 synodo
1852 707 2121 761 semmaa
2142 707 2228 780 (¹).

579 874 981 928 DECRETUM
1016 876 1126 928 ΙΙΙ.
1197 876 1279 929 Dc
1312 892 1431 930 non
1466 875 1929 946 Praejudswamdo.

578 1044 981 1098 DECRETUM
1029 1045 1108 1096 IV
1110 1082 1125 1098 .
1197 1044 1277 1096 De
1314 1042 1649 1114 Offiowlibus
1685 1041 1916 1112 Synodi.

275 1212 428 1268 DEC.
465 1214 531 1266 V.
580 1214 660 1267 Dc
693 1212 998 1268 Judicibus
1032 1212 1102 1267 in
1146 1212 1345 1268 Caucis
1376 1210 1770 1265 Persmuzlibus
1811 1208 2225 1264 constitumdie.

627 1381 1030 1436 DECRETUM
1078 1382 1173 1434 VI.
1247 1383 1327 1434 De
1361 1397 1480 1434 no‘n
1520 1377 1874 1432 Discedendo.

967 1547 1371 1601 DECRETUM
1418 1546 1547 1600 VII.

949 1680 1030 1733 Dc
1065 1679 1204 1733 Fide
1240 1678 1554 1733 orthodoxa.

452 1816 501 1868 1.
540 1813 693 1880 Cum,
718 1816 938 1868 docente
962 1817 1232 1885 Apostolo,
1258 1817 1371 1868 sine
1406 1816 1508 1868 fide
1533 1815 1857 1884 impossibile
1890 1816 1961 1867 sit
1994 1815 2197 1883 placere

305 1900 416 1953 Deo
463 1900 646 1971 (Hebr.
687 1914 770 1965 XI,
811 1903 888 1972 6),
927 1920 1151 1971 cumque
1194 1904 1310 1972 ipsa
1345 1903 1490 1968 fides,
1527 1907 1757 1955 testante
1794 1902 1847 1954 S.
1887 1902 2197 1953 Tridentina

308 1986 534 2056 SynodO,
560 1989 632 2039 sit
668 1991 702 2017 ‘⁶
721 1986 984 2039 humanae
1019 1988 1206 2040 salutis
1242 1989 1481 2052 initium,
1518 1989 1924 2039 fundamentum
1960 1991 2015 2038 et
2050 1987 2197 2037 radix

306 2074 478 2125 omnis
492 2072 940 2141 justificationiS,'’
970 2071 1112 2142 (8688.
1137 2085 1236 2137 VL,
1259 2091 1305 2124 c.
1327 2074 1381 2143 8)
1401 2074 1595 2125 idcirco
1619 2077 1741 2124 ante
1766 2072 1946 2124 omnia
1970 2071 2198 2122 tenenda

306 2176 367 2210 ac
405 2159 728 2210 inviolabilis
770 2158 1114 2210 custodienda
1155 2162 1236 2211 est
1274 2176 1399 2210 sana
1438 2164 1495 2210 et
1535 2159 1822 2210 orthodoxa
1861 2158 2007 2221 fides,
2038 2174 2197 2224 quam

305 2248 472 2309 tenet,
496 2261 799 2313 semperque
821 2245 1016 2309 tenuit,
1041 2244 1095 2297 S.
1121 2245 1356 2296 Ecclesia
1382 2244 1667 2297 Catholica.
1743 2244 2009 2312 Quidquid
2033 2244 2198 2312 igitur

284 2332 364 2382 'in
388 2331 624 2382 conciliis
657 2331 1008 2382 oecumenicis
1044 2330 1327 2382 definitum
1364 2331 1485 2394 fuit,
1524 2332 1830 2399 praesertim
1867 2348 1984 2382 vero
2020 2330 2198 2380 omnia

306 2419 364 2467 et
410 2416 621 2486 singula
674 2432 810 2484 quae
856 2432 890 2467 a
951 2414 1290 2468 Sacrosancta
1355 2417 1668 2469 Tridentina
1719 2417 1928 2485 Synodo
1977 2417 2196 2478 sancita,

305 2501 545 2565 definita,
568 2502 652 2554 vel
674 2501 1013 2571 promulgata
1037 2506 1179 2566 sunt,
1204 2518 1411 2553 summa
1434 2503 1602 2553 animi
1634 2503 1921 2553 reverentia
1945 2505 2001 2552 et
2024 2517 2198 2551 amore

305 2587 695 2655 amplectimur,
720 2585 1051 2650 confitemur,
1075 2591 1131 2638 et
1154 2603 1319 2655 usque
1343 2587 1412 2638 ad
1448 2591 1744 2638 extremum
1781 2588 2025 2654 spiritum
2061 2586 2199 2636 inte-

307 2676 509 2723 merata
548 2688 766 2736 servare,
797 2671 898 2724 Dei
934 2671 1222 2742 adjuvante
1257 2673 1448 2741 gratia,
1485 2674 1831 2725 intendimus.
1905 2671 2197 2738 Omniaque

306 2773 467 2825 prava
502 2757 770 2826 dogmata,
807 2774 1091 2825 omnesque
1126 2758 1360 2809 haereses
1396 2762 1451 2809 613
1487 2775 1675 2808 6110168
1699 2758 1756 2809 111
1781 2757 1939 2809 dictis
1962 2756 2197 2808 conciliis

307 2844 601 2908 damnatos,
624 2859 718 2895 nos
741 2844 938 2911 pariter
959 2843 1228 2912 rejicimus
1253 2848 1309 2895 et
1331 2843 1754 2895 condemnamus.

451 2926 509 2980 2.
553 2927 657 2980 Sed
681 2946 805 2980 cum
828 2927 1087 2980 Dominus
1110 2945 1204 2980 nos
1228 2944 1319 2996 per
1342 2928 1653 2996 prophetam
1671 2927 1976 2978 adhortetur
1994 2926 2194 2977 dicens:

309 3011 589 3066 Attendite
611 3011 688 3065 ad
704 3017 927 3083 petram
949 3011 1103 3065 unde
1126 3011 1294 3065 coecisi
1318 3010 1477 3074 estis;
1513 3010 1776 3064 attendite
1799 3010 1876 3063 ad
1898 3009 2196 3074 Abraham,

302 3103 525 3169 patrem
558 3103 802 3152 vestrum
839 3098 974 3167 (Isa.
1002 3112 1095 3162 LL,
1137 3101 1209 3168 1),
1244 3115 1472 3166 aequum
1505 3102 1586 3149 est
1621 3114 1732 3160 1108,
1764 3098 1856 3165 qui
1887 3097 2195 3147 immediate

309 3185 377 3236 ab
423 3185 727 3253 Apostolica
772 3183 904 3237 Sede
951 3185 1129 3247 fidem,
1168 3184 1534 3245 sacerdotium,
1572 3198 1848 3249 veramque
1890 3182 2194 3250 religionem

309 3271 624 3339 accepimus,
649 3271 822 3323 eidem
853 3271 972 3340 plus
1007 3269 1227 3322 caeteris
1263 3268 1452 3320 amoris
1489 3271 1546 3319 613
1581 3267 1936 3318 observantiae
1974 3266 2195 3317 vinculis

309 3356 585 3425 adstringi.
677 3356 1111 3408 Fundamentum
1170 3355 1339 3424 igitur
1397 3368 1548 3403 verae
1608 3356 1664 3402 et
1712 3351 2023 3402 orthodoxae
2071 3350 2195 3402 fidei

309 3443 553 3509 ponimus
593 3442 735 3509 quod
775 3441 1037 3492 Dominus
1078 3439 1267 3491 Noster
1308 3437 1344 3490 J
1346 3456 1461 3489 esus
1506 3436 1741 3489 Christus
1780 3454 1968 3505 ponere
2005 3436 2193 3498 voluit,

308 3528 670 3579 inconcussam
696 3526 898 3578 scilicet
922 3526 1071 3577 Petri
1098 3524 1432 3587 Cathedram,
1456 3524 1623 3574 totius
1647 3523 1784 3574 orbis
1809 3523 2113 3589 magistram
2138 3525 2194 3571 et

310 3615 553 3676 matrem,
597 3611 651 3663 S.
701 3610 997 3662 Romanam
1044 3608 1353 3661 Ecclesiam.
1441 3606 1712 3674 Quidquid
1759 3606 1827 3657 ab
1874 3607 1987 3673 ipsa
2035 3606 2192 3657 semel

347 3765 402 3819 (¹)
423 3766 615 3816 Decreta,
637 3778 817 3818 quorum
832 3764 952 3805 tituli
970 3764 1104 3805 solum
1123 3763 1212 3804 sine
1229 3764 1352 3803 textu
1369 3762 1608 3810 exarantur,
1631 3772 1679 3800 ea
1698 3772 1749 3799 ex
1766 3758 1928 3799 ratione
1947 3758 2176 3798 exscribere

325 3830 619 3882 abstinuimus,
653 3829 766 3882 quod
795 3828 909 3882 apud
938 3840 1081 3870 omnes
1110 3829 1299 3868 auctores
1329 3825 1403 3878 qui
1434 3825 1486 3866 de
1512 3837 1558 3865 rc
1588 3823 1779 3878 synodali
1809 3826 2005 3873 tractant,
2023 3822 2176 3875 passim

326 3895 618 3938 inveniuntur.
