2534 4374
970 514 1216 558 APPEND.
1250 515 1355 558 v11.
2020 499 2099 561 57

200 678 260 713 ac
300 663 525 734 singulis
558 664 892 717 Dioecesibus
937 666 1001 717 ad
1040 665 1313 716 tramitem
1350 681 1611 717 sacrorum
1648 683 1908 719 canonum
1937 676 2108 721 essent

199 749 618 802 constituendae.
672 750 831 802 Porro
852 750 1320 803 Eminentissimus
1338 768 1400 803 ac
1420 751 1903 805 Reverendissimus
1924 754 2108 805 Domi-

198 848 297 883 nus
323 832 378 884 S.
404 833 469 886 R.
497 835 560 886 E.
589 834 881 887 Cardinalis
910 836 962 887 N
965 836 1162 888 icolaus
1187 836 1458 888 Wiseman
1484 837 1915 907 Archiepiscopus
1936 839 2108 890 West·

199 920 644 984 monasteriensiS,
693 921 900 973 collatis
948 938 1157 991 quoque
1206 922 1439 974 consiliis
1488 940 1612 975 cum
1663 923 1777 976 RR.
1830 924 1938 975 ΡΡ.
1991 924 2106 975 DD.

198 1002 438 1074 Anglicis
463 1006 758 1076 EpiscopiS,
783 1008 1107 1076 significavit
1131 1008 1411 1059 nonnullas
1436 1010 1682 1061 civitates
1707 1010 1763 1061 in
1790 1010 2107 1078 episcopales

198 1089 345 1141 sedes
369 1092 602 1143 adlectas
627 1092 759 1144 talia
777 1094 950 1144 adhuc
969 1093 1112 1145 haud
1137 1094 1325 1146 habere
1345 1095 1565 1163 templa,
1581 1111 1716 1164 quae
1734 1095 2108 1164 amplitudine,

198 1176 617 1244 magnificentia,
666 1182 830 1246 atque
878 1179 1183 1230 omnimoda
1231 1179 1652 1247 opportunitate,
1699 1186 2002 1233 mereantur
2051 1182 2107 1232 in

198 1263 520 1327 perpetuum
546 1260 743 1312 assumi
768 1262 827 1311 in
853 1261 1115 1312 Ecclesias
1142 1260 1494 1313 CathedraleS.

342 1345 571 1397 Proinde
594 1363 771 1414 preces
795 1346 1155 1415 porriguntur,
1178 1350 1243 1397 ut
1266 1363 1360 1414 pro
1379 1346 1863 1416 Birminghamensi
1888 1349 2105 1416 quidem

199 1428 453 1494 Ecclesia,
498 1429 811 1483 Cathedrale
856 1431 1139 1498 Templum
1173 1433 1548 1495 constituatur,
1577 1433 1717 1500 quod
1762 1434 1820 1484 in
1859 1433 2107 1484 honorem

199 1513 256 1567 S.
283 1514 522 1568 Ceaddae
548 1516 799 1585 Episcopi
824 1521 881 1568 et
907 1516 1222 1569 Confessoris
1247 1518 1486 1568 dicatum
1511 1519 1768 1585 reperitur
1788 1536 1802 1579 3
1828 1536 1920 1586 pro
1947 1519 2110 1571 Suth-

198 1603 446 1653 warcensi
472 1602 526 1655 S.
555 1602 797 1672 Georgii3
831 1619 924 1671 pro
950 1602 1445 1671 Nottinghamiensi
1466 1603 1519 1655 S.
1542 1603 1812 1655 Barnabae
1836 1604 2075 1672 Apostoli
2096 1623 2108 1664 3

197 1703 292 1755 pro
326 1686 668 1739 Salfordiensi
704 1687 758 1739 S.
793 1687 828 1739 J
830 1689 1014 1739 oannis
1039 1688 1317 1755 Apostoli:
1362 1688 1767 1756 Archiepiscopo
1792 1706 1911 1740 vero
1934 1689 2110 1740 West-

199 1773 617 1836 monasteriensi,
642 1774 966 1841 caeterisque
992 1774 1268 1841 Episcopis
1294 1774 1519 1824 facultas
1552 1774 1708 1824 detur
1732 1775 2110 1836 constituendi,

199 1858 313 1910 vice
330 1857 658 1910 Cathedralis
679 1859 964 1923 Ecclesiae,
982 1859 1268 1927 provisoria
1286 1859 1491 1910 ratione
1510 1859 1774 1927 templum
1793 1861 1934 1927 quod
1954 1860 2110 1911 modo

199 1946 548 2013 opportunius
586 1949 793 2013 praesto
836 1947 925 2008 sit,
967 1949 1032 1996 ut
1074 1945 1293 1996 interim
1337 1944 1517 1995 omnia
1553 1945 1754 1997 ibidem
1791 1951 2110 2015 peragantur

201 2030 370 2081 veluti
411 2031 471 2081 in
512 2030 750 2082 Ecclesia
799 2029 1121 2094 Cathedrali,
1163 2046 1297 2097 quae
1341 2030 1534 2081 deinde
1583 2031 1685 2081 erit
1733 2047 1826 2082 suo
1875 2035 2110 2099 tempore

200 2116 525 2186 designanda
549 2121 712 2184 atque
735 2117 795 2167 in
818 2121 1138 2185 perpetuum
1163 2116 1552 2167 constituenda.

345 2200 482 2254 Cum
506 2219 628 2253 vero
652 2219 830 2270 preces
855 2202 1164 2271 hujusmodi
1193 2202 1530 2253 rationabiles
1555 2203 1697 2253 visae
1721 2202 1830 2253 sint
1855 2202 2110 2253 Eminen-

200 2288 423 2340 tissimis
447 2288 696 2340 Patribus
723 2287 777 2340 S.
805 2287 1240 2358 Congregationis
1278 2288 1336 2337 in
1368 2287 1600 2356 generali
1638 2293 1900 2339 conventu
1925 2289 2110 2340 habito

199 2374 288 2425 die
314 2375 345 2425 5
373 2374 586 2442 Aprilis,
610 2373 989 2426 Sanctissimus
1014 2374 1079 2424 D.
1098 2373 1165 2424 N.
1187 2373 1318 2424 Pius
1343 2373 1490 2440 Papa
1516 2373 1615 2436 IX,
1643 2374 1828 2424 audita
1852 2373 2108 2424 relatione

199 2477 290 2527 per
348 2460 743 2527 infrascriptum
804 2461 1141 2511 secretarium
1202 2459 1440 2527 ejusdem
1501 2458 1555 2510 S.
1607 2458 1664 2511 C.
1720 2459 1989 2527 proposita
2049 2460 2106 2509 in

200 2546 474 2597 audientia
522 2547 629 2597 diei
679 2547 711 2598 6
762 2546 998 2615 ejusdem
1040 2546 1235 2598 mensis
1283 2550 1340 2597 et
1382 2546 1529 2608 anni,
1571 2545 1798 2614 benigne
1842 2545 1954 2596 EE.
1996 2544 2104 2595 ΡΡ.

200 2632 521 2683 sententiam
568 2632 829 2700 probavit,
872 2649 934 2683 ac
976 2632 1215 2700 precibus
1262 2649 1356 2700 pro
1403 2635 1629 2700 utraque
1671 2635 1821 2699 parte
1864 2631 2108 2693 indulsit,

201 2717 474 2768 contrariis
498 2716 902 2784 quibuscunque
926 2733 1034 2767 non
1060 2716 1411 2768 obstantibuS.

344 2800 564 2866 Datum,
589 2805 711 2865 etc.,
737 2803 803 2852 21
832 2801 1046 2869 Aprilis,
1078 2802 1233 2852 1852.

708 2872 711 2874 ’
1245 2886 1329 2937 Al.
1369 2885 1650 2948 BARNABo,
1669 2881 2027 2938 Secretarius.

1081 3114 1235 3175 VII.

346 3268 559 3322 CIRCA
621 3268 1223 3323 COMMENDANDOS
1284 3269 1380 3319 AD
1441 3267 1969 3321 EPISCOPATUM.

464 3398 795 3438 INSTRUCTIO
820 3399 863 3436 S.
891 3397 1054 3436 CONG.
1081 3398 1155 3435 DE
1179 3396 1333 3434 PROP.
1360 3395 1491 3434 FIDE
1515 3395 1618 3434 PRO
1642 3394 1866 3433 ANGLIA.

347 3519 428 3571 Ut
469 3519 737 3571 Ecclesiae
773 3521 978 3571 noviter
1019 3535 1113 3587 per
1149 3517 1553 3569 sanctissimum
1590 3515 1655 3567 D.
1682 3516 1751 3566 N.
1791 3517 1845 3566 in
1884 3516 2107 3584 Angliae

199 3620 361 3674 regno
403 3607 725 3657 constitutae
766 3605 938 3674 magis
980 3605 1038 3654 in
1075 3604 1187 3654 dies
1230 3601 1466 3665 floreant,
1491 3602 1782 3668 iisdemque
1820 3602 2105 3652 Antistites

195 3689 402 3758 jugiter
460 3690 831 3758 praeficiantur
879 3690 973 3758 qui
1022 3689 1163 3739 vitae
1224 3687 1503 3755 probitate,
1552 3686 1809 3747 doctrina,
1859 3686 1983 3749 zelo,
2043 3704 2103 3736 ac

203 3775 489 3841 prudentia
525 3775 900 3843 spectatissimi
937 3773 1204 3833 existant3
1254 3776 1702 3838 peropportunum
1741 3771 1911 3821 visum
1938 3777 2034 3833 oet,
2059 3773 2102 3821 si
