2534 4374
377 454 458 514 22
952 468 1113 512 coro.
1155 467 1319 510 PRov.
1364 466 1583 510 wuer.
1628 465 1669 508 1.

370 636 506 681 rum,
553 618 782 668 maxime
830 616 1002 684 pretio
1055 615 1449 676 conductarum,
1498 613 1557 664 in
1618 602 1772 664 choro
1832 618 2136 678 concentus,
2193 615 2269 668 ab

373 702 618 753 Ecclesiis
660 702 1020 753 excludantur.
1119 699 1311 767 Sicque
1358 698 1621 766 paulatim
1669 699 1771 749 erit
1819 697 1985 767 (quod
2032 700 2270 752 maxime

370 784 641 855 optamus)
679 790 855 836 totum
898 784 1139 836 fidelium
1175 788 1385 835 coetum
1422 783 1664 834 unanimi
1701 783 1842 834 vocis
1867 787 1923 834 et
1947 785 2114 836 cordis
2139 802 2262 837 con-

371 890 523 925 sensu
547 872 859 940 psallentem
888 870 1083 921 audire.

510 957 631 1008 Non
672 958 751 1007 ita
798 955 1131 1024 protrahatur
1179 957 1382 1017 cantuS,
1421 957 1487 1003 ut
1527 951 1724 1004 Missae
1771 970 1969 1018 cursus,
2016 955 2122 1007 nisi
2168 955 2269 1008 ubi

371 1043 627 1095 Rubricae
651 1043 850 1104 sinunt,
875 1041 1308 1108 interrumpatur.

999 1231 1402 1286 DECRETUM
1476 1230 1633 1282 XIX.

871 1369 953 1424 Dc
988 1369 1343 1424 Sacramenta
1378 1363 1776 1419 Poenitentwe.

515 1503 648 1558 Cum
688 1504 787 1556 hoc
836 1507 1219 1556 sacramentum
1262 1500 1487 1552 secunda
1529 1504 1668 1550 recte
1717 1499 1926 1553 dicatur
1972 1505 2094 1571 post
2131 1518 2271 1555 nau..

371 1591 599 1660 fragium
642 1591 841 1653 tabula,
890 1606 1116 1657 cumque
1164 1603 1343 1639 omnes
1390 1585 1775 1652 peccaverimus
1823 1604 1886 1637 ac
1944 1588 2111 1657 gloria
2162 1589 2266 1642 Dei

372 1693 617 1745 egeamus
642 1675 826 1745 (Rom.
853 1687 957 1738 111„
995 1672 1108 1743 23),
1145 1673 1212 1724 ab
1247 1673 1363 1740 ipsa
1399 1676 1578 1721 tenera
1611 1673 1787 1721 aetate
1821 1674 2063 1725 omnibus
2095 1675 2272 1726 incul-

372 1761 539 1811 canda
561 1764 643 1811 est
666 1765 779 1810 tam
805 1760 1046 1811 salutaris
1070 1758 1361 1809 medicinae
1386 1754 1634 1817 efficacia,
1670 1755 1887 1823 ejusque
1923 1774 2048 1810 usus
2084 1760 2266 1811 sedulo

371 1846 750 1897 exercitandus.
849 1844 1176 1896 Exhortandi
1215 1843 1381 1894 etiam
1430 1844 1556 1891 sunt
1603 1840 1798 1904 fideleS‚
1846 1847 1909 1893 ut
1957 1860 2063 1895 non
2108 1846 2270 1896 modo

372 1931 532 1983 semel
579 1932 637 1980 in
685 1946 841 1994 anno,
882 1930 965 1981 vel
1002 1946 1132 1992 rare,
1172 1929 1261 1980 sed
1304 1942 1456 1994 saepe
1498 1925 1566 1975 ad
1608 1924 1706 1975 hoc
1748 1925 2015 1980 lavacrum
2056 1931 2270 1982 animae

373 2021 672 2077 recurrant3
709 2018 819 2067 imo
867 2020 932 2067 ut
969 2016 1175 2084 quoties
1213 2012 1420 2082 peccati
1469 2009 1640 2061 sordes
1688 2015 2055 2076 contraxerint,
2106 2017 2271 2067 toties

372 2103 696 2153 munditiem
721 2103 1030 2170 exquirant:
1069 2101 1275 2169 quoties
1298 2095 1688 2167 aegritudinem
1717 2099 1968 2163 sentiant,
1989 2105 2268 2168 properent

373 2189 441 2239 ad
478 2187 757 2239 medelam.
849 2188 928 2238 De
967 2186 1427 2238 administratione
1468 2181 1635 2250 igitur
1684 2179 1904 2250 hujusce
1952 2185 2267 2237 sacramenti

373 2289 504 2342 quae
529 2278 819 2341 sequuntur
844 2273 1162 2324 observanda
1186 2273 1532 2324 decernimuS.

521 2361 567 2411 1.
618 2359 684 2409 In
722 2360 867 2410 omni
917 2358 1133 2409 ecclesia
1175 2357 1446 2426 erigendas
1488 2359 1856 2429 praecipimuS,
1907 2357 1954 2407 si
1993 2356 2114 2424 jam
2159 2373 2270 2409 non

374 2446 620 2508 existant,
647 2446 790 2496 sedes
815 2442 1227 2505 confessionaleS‚
1250 2459 1344 2509 pro
1381 2460 1597 2497 numero
1622 2443 1966 2496 sacerdotum.
2041 2441 2100 2494 Si
2123 2441 2272 2494 locus

374 2546 480 2581 non
528 2531 686 2594 sinat,
721 2529 952 2597 episcopi
981 2528 1188 2596 judicio
1224 2544 1303 2578 res
1338 2533 1419 2579 est
1454 2530 1748 2582 deferenda.
1821 2526 2109 2578 Mulierum
2145 2543 2272 2578 con-

376 2615 620 2665 fessiones
661 2615 855 2665 nullibi
903 2614 1008 2664 nisi
1067 2614 1126 2663 in
1173 2612 1538 2665 confessionali
1586 2619 1711 2666 sunt
1758 2612 2116 2680 excipiendae,
2163 2613 2269 2663 nisi

376 2695 656 2746 infirmitas
679 2696 763 2745 vel
788 2695 1012 2746 surditas
1037 2693 1192 2744 aliter
1216 2694 1450 2745 suadeat.
1526 2694 1630 2747 Sed
1655 2695 1821 2746 etiam
1855 2697 1986 2743 tunc
2021 2693 2267 2745 mulieres

376 2781 433 2830 in
457 2781 570 2830 loco
593 2784 828 2847 patente,
851 2780 946 2830 ubi
970 2778 1122 2829 facile
1146 2778 1214 2829 ab
1239 2778 1358 2829 aliis
1382 2785 1603 2846 possunt
1626 2781 1810 2843 videri,
1835 2779 2137 2831 audiantur.

519 2867 570 2916 2.
620 2864 686 2914 Ι11
722 2863 1084 2915 confessionali
1127 2864 1306 2916 sedeat
1347 2866 1600 2931 sacerdOS,
1642 2864 2015 2936 superpelliceo
2048 2867 2106 2915 et
2132 2863 2272 2917 stola.

378 2948 609 3000 violacea
639 2950 876 3001 indutus·

520 3037 570 3084 3.
620 3033 778 3085 Pueri
802 3034 911 3085 doli
936 3051 1167 3102 capaceS,
1196 3035 1263 3085 ad
1300 3035 1677 3086 confessionem
1712 3051 1820 3086 non
1857 3032 2028 3085 solum
2069 3033 2268 3085 admit-

377 3121 525 3171 tendi
550 3120 639 3170 sed
663 3119 963 3170 attrahendi
988 3128 1140 3179 sunt3
1176 3120 1354 3186 eisque
1378 3121 1480 3171 rite
1504 3121 1773 3187 dispositis
1798 3119 2058 3170 absolutio
2077 3119 2268 3170 danda.

379 3205 547 3264 Quare
585 3221 692 3254 non
732 3204 1028 3271 probandus
1071 3220 1194 3254 usus
1235 3205 1620 3256 absolutionem
1662 3203 1955 3267 differendi,
1994 3204 2158 3254 donec
2198 3203 2269 3254 ad

378 3289 605 3356 primam
646 3288 1069 3339 communionem
1117 3289 1487 3339 admittantur.
1586 3288 1688 3340 Sed
1737 3305 1767 3339 e
1814 3293 2012 3351 contra,
2062 3305 2269 3338 summa

379 3373 661 3441 diligentia
697 3373 861 3422 etiam
902 3373 1142 3424 rudiores
1168 3377 1225 3424 et
1265 3375 1523 3425 crassioris
1564 3374 1757 3425 indolis
1798 3373 1950 3441 pueri
1991 3376 2116 3424 sunt
2164 3373 2271 3423 dis-

379 3458 609 3524 ponendi
633 3457 699 3506 ad
724 3457 822 3506 hoc
847 3462 1244 3508 sacramentum.
2173 3444 2176 3447 Δ

522 3543 573 3590 4.
622 3540 956 3590 Medicinalis
980 3541 1135 3608 hujus
1162 3541 1487 3592 Sacramenti
1510 3541 1647 3594 ratio
1671 3543 1845 3610 poscit
1868 3546 1933 3592 ut
1957 3541 2268 3610 quantocius

379 3629 500 3691 post
537 3624 730 3674 lethale
761 3627 966 3691 peccati
1009 3626 1197 3676 vulnus
1238 3628 1537 3694 recipiatur.
1610 3627 1892 3694 Propterea
1930 3644 2036 3678 non
2073 3626 2270 3693 absque

381 3725 536 3760 causa
563 3708 727 3775 justa,
751 3709 819 3759 ad
855 3709 1001 3760 aliud
1037 3713 1246 3777 tempus
1283 3713 1395 3762 sine
1430 3712 1759 3764 absolutione
1795 3712 2137 3764 remandandi
2173 3711 2268 3779 qui

380 3797 596 3859 peccata
621 3794 842 3843 contrite
879 3793 1210 3844 confitentur.
1284 3794 1598 3846 Praesertim
1641 3813 1774 3874 vero‘
1802 3813 2161 3848 conversorum
2198 3796 2268 3847 ad
