2534 4374
482 426 608 487 232
1040 448 1204 492 cono.
1254 449 1419 491 PRov.
1465 449 1688 492 Wsss'rM.
1737 449 1814 492 IV.

480 600 716 645 amanter
755 597 813 646 in
852 596 1082 646 Domino
1121 595 1393 666 hortamur
1435 600 1515 658 ut,
1555 597 1848 662 praedictas
1889 598 2232 650 inhibitiones
2272 615 2386 651 non

482 684 694 730 tantum
735 682 1023 732 secundum
1068 682 1323 743 litteram,
1349 681 1440 731 sed
1480 682 1646 732 etiam
1690 682 1978 732 secundum
2021 683 2270 750 spiritum
2293 684 2391 752 pie

481 764 907 832 interpretanteS,
934 767 1143 817 easdem
1169 771 1348 817 sancte
1373 766 1666 817 observent.

631 872 713 920 11.
753 870 983 938 Spiritus
1017 871 1178 921 durus
1211 875 1267 920 et
1300 888 1532 922 morosus
1566 872 1887 923 sacerdotem
1911 875 1970 923 in
1995 875 2172 925 medio
2195 875 2384 942 populi

482 954 808 1007 laborantem
851 957 1095 1017 dedecet3
1145 957 1382 1007 modesta
1430 956 1687 1020 hilaritas,
1730 959 1887 1009 modo
1931 959 2001 1009 sit
2048 953 2394 1027 tempestiva,

483 1057 588 1090 non
637 1042 998 1108 improbanda,
1042 1042 1132 1092 sed
1174 1041 1440 1092 laudanda
1483 1046 1580 1093 est.
1679 1042 1806 1092 Illos
1848 1044 2067 1110 proinde
2108 1044 2385 1096 laudamus

483 1126 834 1177 missionarios
882 1129 977 1195 qui
1026 1132 1328 1179 sanctorum
1375 1127 1616 1194 exempla
1665 1129 1834 1179 secuti
1874 1129 2218 1196 juventutem
2261 1145 2394 1180 suae

483 1228 632 1260 curae
657 1213 993 1263 commissam
1016 1229 1109 1279 per
1131 1212 1376 1262 honestas
1411 1212 1752 1282 recreationes
1776 1229 1808 1262 a
1831 1212 2045 1264 lubricis
2070 1214 2386 1282 spectaculis

484 1295 740 1346 retrahere
772 1297 1038 1349 nituntur.
1114 1296 1228 1358 Qua
1263 1299 1323 1348 in
1355 1315 1408 1348 re
1446 1302 1634 1348 curent
1671 1315 1874 1365 semper
1907 1299 2109 1350 animos
2141 1316 2396 1361 recrearer

486 1398 590 1430 non
614 1381 868 1443 relaxare3
895 1399 1009 1445 nec,
1035 1383 1164 1433 dum
1189 1382 1308 1432 aliis
1333 1382 1539 1449 placere
1558 1383 1794 1445 student,
1814 1383 1914 1433 sibi
1932 1388 2173 1436 noceant.
2235 1383 2386 1444 Quod

485 1466 750 1533 imprimis
774 1467 1155 1519 observandum
1178 1475 1259 1520 est
1282 1469 1375 1520 ubi
1400 1469 1466 1519 de
1490 1468 1776 1519 mulierum
1797 1469 2166 1520 sodalitatibus
2190 1470 2396 1537 agitur,

487 1568 707 1618 quarum
731 1554 1137 1604 recreationibus
1174 1572 1268 1622 per
1305 1555 1453 1617 aliaS,
1478 1555 1536 1605 in
1573 1559 1835 1622 quantum
1872 1555 1984 1606 fieri
2009 1559 2204 1622 potest,
2227 1573 2387 1623 quam

486 1655 578 1704 per
604 1655 657 1688 se
683 1640 914 1689 sacerdos
939 1641 1152 1707 praesit,
1178 1657 1244 1691 ne
1271 1640 1687 1691 obtrectantium
1705 1639 1903 1708 linguis
1923 1657 2103 1691 ansam
2122 1641 2386 1708 praebeat.

487 1722 853 1791 Comprimant
887 1742 1007 1775 vero
1037 1725 1327 1776 sacerdotes
1360 1724 1585 1775 abusum
1618 1724 1887 1775 nonnullis
1920 1726 1978 1774 in
2011 1725 2140 1777 locis
2162 1726 2400 1778 invales-

487 1814 696 1859 centem
721 1809 1009 1860 adhibendi
1042 1810 1251 1860 choreas
1285 1810 1352 1860 ad
1386 1810 1636 1877 pecunias
1669 1826 1763 1876 pro
1799 1809 1990 1860 scholis
2020 1814 2116 1860 aut
2139 1810 2259 1861 aliis
2283 1811 2399 1879 piis

487 1895 730 1962 operibus
756 1895 1093 1963 colligendas

632 1990 783 2051 Quod
815 1991 883 2041 ad
915 1991 1155 2058 publicas
1190 1991 1551 2054 recreationeS,
1578 1988 1928 2042 excursiones
1953 1991 2140 2053 dictaS,
2166 1995 2400 2059 spectat,

488 2077 811 2144 perplurima
850 2075 991 2125 mala
1035 2076 1160 2125 inde
1202 2075 1574 2142 promanantia
1617 2075 1853 2126 dolentes
1895 2075 2223 2137 audivimus3
2262 2093 2392 2144 qua-

487 2166 699 2230 propter
732 2178 817 2212 eas
851 2162 1029 2229 potius
1064 2162 1483 2228 comprimendas
1507 2179 1668 2230 quam
1692 2161 2069 2229 promovendas
2093 2177 2363 2213 censemus
2375 2180 2398 2211 :-

488 2252 746 2310 attamen‚
771 2264 839 2298 ne
881 2248 946 2297 de
988 2247 1141 2297 rebus
1180 2247 1239 2296 in
1280 2264 1331 2297 se
1370 2247 1535 2298 licitis
1578 2247 1759 2297 durius
1784 2263 1938 2313 agere
1963 2245 2252 2309 videamur,
2275 2249 2402 2297 ani--

489 2350 696 2383 marum
745 2336 975 2399 pastores
1032 2331 1304 2382 hortamur
1351 2338 1414 2382 ut
1462 2332 1530 2382 ab
1579 2331 1969 2382 excursionibus
2024 2333 2400 2400 promovendis»

489 2419 809 2481 abstineant,
835 2419 1027 2485 absque
1053 2419 1273 2468 licentia
1297 2435 1329 2468 a
1354 2419 1564 2469 Vicario
1591 2418 1839 2469 Generali
1865 2434 2122 2468 concessa.

638 2524 720 2572 12.
760 2526 793 2551 ‘⁶
806 2522 1296 2573 Ecclesiasticorum
1314 2523 1546 2572 virorum
1565 2526 1732 2572 vestes
1751 2521 1884 2571 tales
1903 2538 2010 2571 esse
2029 2520 2239 2583 debent,
2258 2539 2390 2588 quae

490 2625 521 2657 a
546 2608 694 2657 laicis
728 2624 814 2657 eos
846 2608 1062 2658 omnino
1095 2607 1410 2668 discernant,
1444 2611 1500 2656 et
1533 2611 1714 2656 tamen
1747 2623 1871 2656 cum
1907 2606 2164 2656 ministris
2188 2604 2404 2658 hetero--

491 2693 640 2743 doxis
682 2709 790 2742 non
834 2693 1178 2743 confundant.
1273 2691 1394 2742 Sint
1432 2709 1554 2759 ergo
1596 2692 1736 2760 nigri
1776 2690 1861 2741 vel
1899 2690 2138 2757 subnigri
2181 2690 2391 2751 coloris;

491 2795 660 2844 neque
686 2778 783 2828 sub
805 2778 1013 2828 itineris
1037 2782 1316 2845 praetextu
1359 2777 1426 2827 ad
1469 2776 1823 2843 ignominiam
1860 2775 2135 2825 saecularis
2158 2772 2400 2840 habitus,

491 2881 523 2913 a
548 2880 651 2930 quo
690 2863 856 2930 erepti
897 2863 1128 2924 fuerunt,
1153 2862 1331 2912 clerici
1354 2865 1696 2912 revertantur.
1770 2860 2018 2910 Formam
2056 2860 2207 2910 illam
2250 2878 2405 2917 com-

493 2948 823 3011 mendamus,
848 2965 985 3015 quae
1016 2947 1200 3014 paucis
1233 2946 1426 2996 abhinc
1459 2947 1610 2996 annis
1643 2963 1675 2996 a
1707 2946 1844 2996 clero
1882 2945 2133 2996 saeculari
2157 2945 2391 2996 adhiberi

493 3034 686 3100 coepit.
758 3032 919 3083 Domi
953 3050 1071 3082 vero
1104 3032 1350 3082 habitum
1387 3031 1627 3094 talarem,
1651 3031 1752 3094 vel,
1778 3031 1822 3081 si
1847 3031 2018 3099 magis
2053 3031 2247 3097 placet,
2270 3049 2392 3082 eum

493 3119 587 3185 qui
610 3116 860 3169 zimarra
884 3117 1199 3185 appellatur,
1225 3134 1347 3167 cum
1371 3117 1560 3179 biret0,
1584 3117 1802 3167 induere
1828 3134 1914 3167 eos
1937 3117 2167 3166 maxime
2191 3116 2359 3167 decet.

637 3210 786 3261 “Sed
819 3228 943 3261 cum
977 3210 1239 3284 peculiare
1273 3209 1481 3277 insigne
1515 3209 1641 3258 cleri
1676 3207 1936 3260 Catholici
1961 3226 2053 3275 per
2076 3213 2254 3259 totum
2289 3209 2403 3259 fere

496 3298 673 3347 orbem
713 3296 784 3346 sit
823 3296 1027 3358 collare,
1051 3296 1193 3362 quod
1217 3294 1516 3345 Romanum
1556 3294 1717 3362 vulgo
1761 3294 1974 3356 dicitur,
2017 3310 2242 3360 cumque
2275 3293 2395 3361 jam

494 3384 632 3432 inter
680 3398 773 3431 nos
821 3381 986 3432 etiam
1035 3398 1067 3430 a
1115 3379 1530 3448 protestantibus
1579 3396 1673 3446 pro
1722 3379 1821 3428 tali
1869 3379 2224 3447 dignoscatur,
2260 3379 2394 3446 quin

496 3466 874 3517 contumeliam
917 3470 1012 3516 aut
1054 3465 1306 3532 injuriam
1349 3468 1613 3531 provocet,
1653 3465 1894 3514 volumus
1936 3468 1999 3514 ut
2041 3464 2107 3513 ab
2149 3465 2403 3515 omnibus

497 3550 850 3601 sacerdotibus
910 3567 1114 3600 sacrum
1171 3550 1531 3600 ministerium
1591 3550 1951 3600 exercentibus
2010 3548 2229 3608 feratur:
2291 3549 2395 3599 nisi

495 3636 668 3686 forsan
711 3635 779 3685 ad
819 3639 1030 3702 tempus
1070 3635 1287 3686 arbitrio
1327 3634 1724 3702 Episcoporum,
1768 3639 1977 3685 attento
2017 3651 2189 3684 rerum
2235 3638 2403 3696 statu,
