2534 4374
370 444 449 506 18
944 460 1105 502 conc,
1150 459 1316 502 PRov.
1361 458 1582 500 wnsm.
1627 457 1667 498 1.

363 607 512 660 Calix
535 613 591 659 et
613 609 780 676 pyxiS,
796 608 840 658 si
863 607 977 657 fieri
1000 610 1192 673 potest,
1212 621 1440 671 cuppam
1465 602 1652 654 saltem
1674 601 1907 654 habeant
1928 605 2254 671 argenteam,

361 693 506 744 intus
529 695 825 743 inauratam
844 708 859 751 3
896 691 1036 758 quod
1055 690 1121 740 de
1144 693 1337 757 patena
1351 688 1546 756 pariter
1563 687 1865 743 dicendum.
1937 687 2255 738 Paramenta

363 795 504 829 sacra
528 795 591 828 ex
615 776 914 838 holosericO,
930 776 1160 842 reliquae
1184 778 1350 824 vestes
1377 777 1432 823 et
1457 772 1692 823 tobaleae
1716 772 1898 823 altaris
1921 789 1986 823 ex
2010 771 2119 824 solo
2142 772 2255 823 lino

363 863 719 913 conficiantur.
826 860 904 911 Ut
950 877 1070 910 vero
1118 858 1451 909 uniformitas
1498 857 1642 908 hisce
1689 857 1749 906 in
1795 857 1949 908 rebus
1998 857 2255 920 obtineat,

362 947 768 997 adlaborandum
825 949 906 996 est
975 948 1040 995 ut
1103 944 1268 994 forma
1327 945 1752 1010 paramentorum
1811 957 2073 994 sacrorum
2131 941 2258 994 usui

364 1032 625 1082 Ecclesiae
649 1031 914 1081 Romanae
937 1029 1373 1080 accommodetur.

504 1135 555 1184 2.
605 1131 910 1200 Optandum
953 1131 1169 1198 quidem
1207 1133 1342 1180 esset
1379 1129 1595 1180 missam
1631 1129 1872 1197 quotidie
1907 1129 1976 1182 ab
2011 1127 2258 1182 omnibus

364 1220 711 1271 sacerdotibus
735 1218 1012 1277 celebrari3
1050 1217 1140 1267 sed
1170 1215 1358 1266 saltem
1386 1215 1692 1282 ,frequenter
1733 1216 1802 1266 ab
1842 1216 1999 1267 altari
2041 1218 2258 1267 sumant

365 1305 650 1367 Christum,
675 1304 769 1370 qui
792 1319 971 1353 eorum
994 1303 1052 1351 in
1077 1301 1249 1370 gratia
1280 1305 1495 1351 renovet
1520 1301 1897 1368 juventutem:
1935 1305 1992 1352 et
2015 1301 2264 1356 indicent.

364 1389 607 1440 fidelibus
639 1388 751 1438 dies
780 1390 835 1437 et
863 1386 1012 1436 horas
1035 1385 1226 1453 quibus
1250 1385 1410 1435 missa
1433 1385 1492 1436 in
1516 1385 1733 1436 ecclesia
1756 1403 1850 1454 per
1872 1386 2258 1438 hebdomadam

365 1473 723 1525 celebrabitur.

509 1569 558 1616 3.
608 1566 682 1615 Et
712 1565 924 1632 quidem
947 1562 1242 1614 Dominicis
1264 1567 1320 1614 et
1344 1563 1548 1614 festivis
1571 1562 1772 1628 diebuS,
1797 1580 1903 1631 quo
1926 1567 2103 1632 potest
2123 1563 2258 1627 fieri,

366 1651 663 1703 solemniori
681 1650 835 1700 modo
854 1648 1156 1699 celebretur.
1218 1647 1500 1699 Serventur
1523 1652 1704 1700 autem
1728 1653 1971 1700 accurate
1991 1649 2256 1709 rubricae3

366 1736 667 1803 praesertim
691 1735 749 1783 in
771 1735 929 1783 missa
968 1734 1078 1783 sine
1118 1732 1376 1783 ministris
1418 1733 1574 1783 sacris
1616 1734 1894 1785 cantanda.
1964 1733 2090 1785 Non
2113 1735 2258 1784 enim

367 1821 494 1871 licet
515 1818 815 1886 hujusmodi
838 1834 990 1868 usum
1013 1834 1106 1884 pro
1129 1816 1308 1867 lubitu
1331 1818 1632 1881 immutare,
1652 1818 1741 1869 sed
1765 1817 1944 1869 omnia
1967 1817 2257 1870 secundum

366 1907 601 1957 ordinem
619 1904 769 1967 fiant,
793 1908 848 1954 et
870 1904 1122 1954 uniformi
1144 1903 1317 1953 modo.

472 2000 525 2048 4.
572 1996 876 2047 Benedictio
918 1994 1234 2046 sanctissimi
1273 1993 1600 2046 Sacramenti
1641 1995 1755 2046 dari
1794 2012 1903 2047 non
1943 1998 2121 2063 potest
2144 1997 2258 2047 sine

368 2082 599 2149 episcopi
622 2081 853 2131 licentia.
926 2079 1105 2130 Multo
1140 2081 1317 2130 minus
1340 2081 1706 2146 processiones,
1729 2085 1934 2148 praeter
1957 2098 2043 2132 eas
2066 2097 2203 2149 quae
2224 2097 2258 2131 a

368 2167 585 2218 rubricis
609 2165 1046 2232 praescribuntur,
1070 2165 1155 2215 vel
1180 2165 1438 2232 expositio
1463 2165 1708 2217 solemnis
1732 2167 2052 2219 sanctissimi
2078 2166 2258 2218 Sacra-

367 2251 537 2309 menti
591 2250 767 2301 haberi
821 2254 1040 2317 possunt
1094 2250 1198 2300 nisi
1250 2267 1374 2300 cum
1422 2249 1656 2318 ejusdem
1703 2251 1961 2319 permissu
2002 2250 2092 2322 (¹).
2187 2253 2258 2304 In

371 2337 691 2405 expositione
715 2340 770 2387 et
792 2335 1159 2387 benedictione
1182 2340 1362 2386 exacte
1381 2339 1612 2387 servetur
1627 2336 1763 2387 ritus
1779 2336 1897 2404 jam
1914 2337 1983 2388 ab
2000 2337 2259 2407 episcopis

367 2422 700 2490 approbatus,
723 2424 779 2471 et
802 2421 944 2488 typis
967 2422 1264 2488 impreSSUS,
1282 2424 1472 2487 utpote
1495 2420 1590 2494 qui
1615 2419 1769 2471 Ritui
1793 2421 1993 2472 Romae
2016 2422 2258 2474 adhibito

370 2513 451 2560 est
486 2506 778 2568 conformiS,
820 2511 875 2556 et
915 2507 974 2556 in
1013 2505 1222 2574 Synodo
1264 2505 1605 2557 Thurlesiana
1634 2523 1668 2557 a
1700 2506 1755 2559 S.
1789 2505 1923 2558 Sede
1951 2509 2257 2576 approbata,

371 2593 475 2645 fuit
497 2609 589 2660 pro
614 2591 868 2641 Hibernia
892 2592 1254 2658 praescriptus·

512 2686 562 2736 5.
610 2683 748 2732 Ante
782 2681 835 2733 S.
870 2681 1255 2733 Eucharistiam
1286 2683 1346 2733 in
1378 2683 1713 2736 tabernaculo
1741 2682 2027 2753 repositam
2053 2686 2258 2755 lampas

370 2771 467 2822 diu
506 2773 772 2836 noctuque
813 2767 1004 2819 luceat.
1077 2767 1239 2836 Pyxis
1269 2768 1387 2819 velo
1415 2770 1574 2820 serico
1598 2769 1734 2834 albo,
1758 2771 1845 2822 vel
1867 2787 2024 2824 aureo
2047 2790 2257 2840 cooper—

370 2858 527 2907 iatur.

516 2947 565 2996 6.
616 2944 673 2996 Si
697 2961 816 2994 vero
839 2944 907 2994 ob
930 2944 1219 3010 periculum
1243 2945 1503 3013 sacrilegii
1524 2945 1577 2997 S.
1599 2945 1996 3000 Sacramentum
2018 2950 2078 3000 in
2100 2950 2256 3002 altari

371 3031 456 3081 vel
499 3031 663 3080 etiam
704 3030 762 3079 in
804 3028 1019 3079 ecclesia
1060 3034 1179 3080 tuto
1212 3032 1400 3081 servari
1433 3049 1538 3081 non
1562 3033 1744 3099 possit,
1768 3036 2153 3102 praeparandus
2176 3041 2257 3088 est

372 3117 515 3166 locus
557 3116 742 3165 decens
790 3119 846 3164 et
893 3119 1139 3177 semotUS,
1188 3116 1255 3166 ab
1297 3117 1538 3184 episcopo
1586 3119 1950 3185 approbandus
1969 3138 1985 3181 3
2044 3121 2104 3172 in
2150 3139 2256 3189 quo

372 3203 713 3261 conservetur,
738 3215 860 3248 cum
882 3198 1125 3265 lampade
1149 3217 1348 3267 semper
1371 3218 1602 3265 accensa,
1625 3207 1691 3253 ut
1713 3205 1771 3254 in
1793 3203 2013 3257 Decreto
2037 3208 2089 3258 5.

516 3290 565 3340 7.
616 3289 1015 3340 Sanctissimum
1050 3289 1441 3341 Sacramentum
1465 3294 1718 3344 custodiri
1742 3312 1848 3347 non
1872 3298 2044 3362 debet,
2068 3299 2173 3350 nisi
2196 3299 2256 3350 in

370 3373 440 3423 iis
464 3373 699 3423 oratoriis
722 3389 854 3439 quae
877 3373 1112 3422 missioni
1136 3373 1444 3438 inserviunt,
1481 3379 1538 3426 et
1578 3377 1745 3428 veluti
1783 3380 1998 3446 publica
2038 3384 2256 3450 proinde

370 3459 696 3523 reputantur.
769 3454 872 3507 Sed
895 3456 1058 3505 etiam
1081 3456 1179 3506 hoc
1201 3458 1259 3506 in
1278 3474 1419 3520 casu,
1437 3458 1599 3509 clavis
1622 3461 1947 3514 tabernaculi
1969 3481 2076 3517 non
2099 3467 2255 3520 debet

518 3605 570 3658 (1)
611 3604 778 3646 Scilicet
804 3617 910 3656 quae
935 3605 986 3645 fit
1011 3618 1087 3657 per
1112 3608 1401 3650 ostensorium.
1458 3610 1571 3651 Nam
1595 3613 1738 3654 minus
1761 3615 1959 3658 solemnis
1983 3630 2091 3670 quae
2108 3619 2160 3661 fit
2175 3633 2253 3672 per

374 3671 574 3723 pyxidem
591 3684 676 3711 non
693 3670 868 3721 requirit
886 3684 924 3723 e]
917 3670 1093 3710 usmodi
1110 3673 1381 3724 permissum
1412 3679 1537 3727 prout
1555 3681 1718 3719 constat
1735 3693 1788 3720 ex
1800 3681 1936 3733 Epist.
1953 3684 2111 3726 Bened.
2126 3685 2251 3726 XIV.

373 3737 431 3777 ad
461 3737 698 3788 episcopum
725 3737 978 3787 Wormiem,
1016 3737 1064 3780 17
1093 3738 1267 3791 Aprilis,
1304 3742 1419 3792 1746,
1452 3755 1530 3783 nec
1559 3756 1646 3784 non
1677 3758 1731 3786 ex
1757 3747 1840 3788 alia
1864 3748 1919 3789 ad
1949 3750 2061 3792 eard.
2118 3751 2249 3793 Urbis

377 3803 593 3854 vicarium,
616 3804 666 3846 27
685 3803 947 3854 Julii,1755.
