<?xml version="1.0" encoding="UTF-8"?>
<!DOCTYPE html PUBLIC "-//W3C//DTD XHTML 1.0 Transitional//EN"
    "http://www.w3.org/TR/xhtml1/DTD/xhtml1-transitional.dtd">
<html xmlns="http://www.w3.org/1999/xhtml" xml:lang="en" lang="en">
 <head>
  <title>
</title>
<meta http-equiv="Content-Type" content="text/html;charset=utf-8" />
  <meta name='ocr-system' content='tesseract 3.04.00' />
  <meta name='ocr-capabilities' content='ocr_page ocr_carea ocr_par ocr_line ocrx_word'/>
</head>
<body>
  <div class='ocr_page' id='page_1' title='image "a613744800cathuoft_0376.png"; bbox 0 0 2534 4374; ppageno 0'>
   <div class='ocr_carea' id='block_1_1' title="bbox 426 404 1539 464">
    <p class='ocr_par' dir='ltr' id='par_1_1' title="bbox 426 404 1539 464">
     <span class='ocr_line' id='line_1_1' title="bbox 426 404 1539 464; baseline 0 0"><span class='ocrx_word' id='word_1_1' title='bbox 426 404 550 464; x_wconf 89' lang='lat'>358</span> <span class='ocrx_word' id='word_1_2' title='bbox 1218 422 1455 464; x_wconf 73' lang='lat' dir='ltr'>Annmo</span> <span class='ocrx_word' id='word_1_3' title='bbox 1500 423 1539 464; x_wconf 91' lang='lat'>1.</span> 
     </span>
    </p>
   </div>
   <div class='ocr_carea' id='block_1_2' title="bbox 416 574 2328 729">
    <p class='ocr_par' dir='ltr' id='par_1_2' title="bbox 416 574 2328 729">
     <span class='ocr_line' id='line_1_2' title="bbox 416 574 2328 645; baseline -0.001 -17"><span class='ocrx_word' id='word_1_4' title='bbox 416 578 565 627; x_wconf 91' lang='lat' dir='ltr'>modi</span> <span class='ocrx_word' id='word_1_5' title='bbox 595 578 794 628; x_wconf 87' lang='lat' dir='ltr'>scholas</span> <span class='ocrx_word' id='word_1_6' title='bbox 827 593 1122 645; x_wconf 89' lang='lat' dir='ltr'>pauperum</span> <span class='ocrx_word' id='word_1_7' title='bbox 1154 576 1214 626; x_wconf 90' lang='lat' dir='ltr'>in</span> <span class='ocrx_word' id='word_1_8' title='bbox 1246 574 1582 624; x_wconf 84' lang='lat' dir='ltr'>missionibus</span> <span class='ocrx_word' id='word_1_9' title='bbox 1623 577 1679 624; x_wconf 94' lang='lat' dir='ltr'>et</span> <span class='ocrx_word' id='word_1_10' title='bbox 1716 575 1968 639; x_wconf 89' lang='lat' dir='ltr'>paroeciis</span> <span class='ocrx_word' id='word_1_11' title='bbox 2000 575 2328 644; x_wconf 78' lang='lat' dir='ltr'>regularibus</span> 
     </span>
     <span class='ocr_line' id='line_1_3' title="bbox 416 660 1140 729; baseline -0.004 -17"><span class='ocrx_word' id='word_1_12' title='bbox 416 679 581 729; x_wconf 90' lang='lat' dir='ltr'>aeque</span> <span class='ocrx_word' id='word_1_13' title='bbox 605 680 666 713; x_wconf 90' lang='lat' dir='ltr'>ac</span> <span class='ocrx_word' id='word_1_14' title='bbox 691 663 750 712; x_wconf 93' lang='lat' dir='ltr'>in</span> <span class='ocrx_word' id='word_1_15' title='bbox 775 660 1140 712; x_wconf 88' lang='lat' dir='ltr'>saecularibus.</span> 
     </span>
    </p>
   </div>
   <div class='ocr_carea' id='block_1_3' title="bbox 413 756 2327 1235">
    <p class='ocr_par' dir='ltr' id='par_1_3' title="bbox 413 756 2327 1235">
     <span class='ocr_line' id='line_1_4' title="bbox 558 756 2325 827; baseline 0.001 -17"><span class='ocrx_word' id='word_1_16' title='bbox 558 761 680 811; x_wconf 89' lang='lat' dir='ltr'>Alia</span> <span class='ocrx_word' id='word_1_17' title='bbox 694 761 927 827; x_wconf 83' lang='lat' dir='ltr'>profecto</span> <span class='ocrx_word' id='word_1_18' title='bbox 943 774 1099 809; x_wconf 86' lang='lat' dir='ltr'>causa</span> <span class='ocrx_word' id='word_1_19' title='bbox 1113 762 1194 808; x_wconf 91' lang='lat' dir='ltr'>est</span> <span class='ocrx_word' id='word_1_20' title='bbox 1212 763 1504 808; x_wconf 86' lang='lat' dir='ltr'>ceterarum</span> <span class='ocrx_word' id='word_1_21' title='bbox 1519 756 1813 807; x_wconf 86' lang='lat' dir='ltr'>scholarum</span> <span class='ocrx_word' id='word_1_22' title='bbox 1829 761 1883 808; x_wconf 89' lang='lat' dir='ltr'>et</span> <span class='ocrx_word' id='word_1_23' title='bbox 1899 757 2325 827; x_wconf 67' lang='lat' dir='ltr'>collegiorum5in</span> 
     </span>
     <span class='ocr_line' id='line_1_5' title="bbox 415 842 2324 913; baseline -0.001 -17"><span class='ocrx_word' id='word_1_24' title='bbox 415 846 606 912; x_wconf 89' lang='lat' dir='ltr'>quibus</span> <span class='ocrx_word' id='word_1_25' title='bbox 630 845 861 913; x_wconf 83' lang='lat' dir='ltr'>religiosi</span> <span class='ocrx_word' id='word_1_26' title='bbox 886 844 986 894; x_wconf 89' lang='lat' dir='ltr'>viri</span> <span class='ocrx_word' id='word_1_27' title='bbox 1012 843 1302 894; x_wconf 90' lang='lat' dir='ltr'>secundum</span> <span class='ocrx_word' id='word_1_28' title='bbox 1339 842 1538 893; x_wconf 82' lang='lat' dir='ltr'>ordinis</span> <span class='ocrx_word' id='word_1_29' title='bbox 1575 843 1657 893; x_wconf 88' lang='lat' dir='ltr'>sui</span> <span class='ocrx_word' id='word_1_30' title='bbox 1694 845 2014 910; x_wconf 88' lang='lat' dir='ltr'>praescripta</span> <span class='ocrx_word' id='word_1_31' title='bbox 2042 843 2324 911; x_wconf 89' lang='lat' dir='ltr'>juventuti</span> 
     </span>
     <span class='ocr_line' id='line_1_6' title="bbox 415 928 2327 995; baseline 0 -15"><span class='ocrx_word' id='word_1_32' title='bbox 415 930 707 981; x_wconf 87' lang='lat' dir='ltr'>catholicae</span> <span class='ocrx_word' id='word_1_33' title='bbox 744 929 1131 979; x_wconf 83' lang='lat' dir='ltr'>institutendae</span> <span class='ocrx_word' id='word_1_34' title='bbox 1174 945 1387 995; x_wconf 83' lang='lat' dir='ltr'>operam</span> <span class='ocrx_word' id='word_1_35' title='bbox 1426 928 1551 981; x_wconf 87' lang='lat' dir='ltr'>dare</span> <span class='ocrx_word' id='word_1_36' title='bbox 1589 928 1790 989; x_wconf 87' lang='lat' dir='ltr'>solent;</span> <span class='ocrx_word' id='word_1_37' title='bbox 1841 930 1899 980; x_wconf 89' lang='lat' dir='ltr'>in</span> <span class='ocrx_word' id='word_1_38' title='bbox 1917 929 2061 980; x_wconf 90' lang='lat' dir='ltr'>hisce</span> <span class='ocrx_word' id='word_1_39' title='bbox 2085 929 2231 980; x_wconf 91' lang='lat' dir='ltr'>enim</span> <span class='ocrx_word' id='word_1_40' title='bbox 2267 933 2327 980; x_wconf 89' lang='lat' dir='ltr'>et</span> 
     </span>
     <span class='ocr_line' id='line_1_7' title="bbox 413 1013 2325 1084; baseline 0.001 -19"><span class='ocrx_word' id='word_1_41' title='bbox 413 1016 550 1065; x_wconf 86' lang='lat' dir='ltr'>ratio</span> <span class='ocrx_word' id='word_1_42' title='bbox 574 1014 827 1081; x_wconf 82' lang='lat' dir='ltr'>postulat,</span> <span class='ocrx_word' id='word_1_43' title='bbox 868 1017 925 1064; x_wconf 89' lang='lat' dir='ltr'>et</span> <span class='ocrx_word' id='word_1_44' title='bbox 966 1013 1077 1064; x_wconf 92' lang='lat' dir='ltr'>Nos</span> <span class='ocrx_word' id='word_1_45' title='bbox 1120 1013 1363 1064; x_wconf 90' lang='lat' dir='ltr'>volumus</span> <span class='ocrx_word' id='word_1_46' title='bbox 1405 1013 1559 1064; x_wconf 90' lang='lat' dir='ltr'>firma</span> <span class='ocrx_word' id='word_1_47' title='bbox 1597 1018 1758 1082; x_wconf 89' lang='lat' dir='ltr'>atque</span> <span class='ocrx_word' id='word_1_48' title='bbox 1799 1015 2010 1084; x_wconf 89' lang='lat' dir='ltr'>integra</span> <span class='ocrx_word' id='word_1_49' title='bbox 2045 1015 2325 1084; x_wconf 85' lang='lat' dir='ltr'>privilegia</span> 
     </span>
     <span class='ocr_line' id='line_1_8' title="bbox 414 1096 2327 1167; baseline 0 -17"><span class='ocrx_word' id='word_1_50' title='bbox 414 1116 626 1150; x_wconf 85' lang='lat' dir='ltr'>manere</span> <span class='ocrx_word' id='word_1_51' title='bbox 650 1116 785 1167; x_wconf 89' lang='grc'><strong>(11133</strong></span> <span class='ocrx_word' id='word_1_52' title='bbox 809 1098 917 1148; x_wconf 86' lang='grc'><strong>11113</strong></span> <span class='ocrx_word' id='word_1_53' title='bbox 956 1098 1024 1148; x_wconf 90' lang='lat' dir='ltr'>ab</span> <span class='ocrx_word' id='word_1_54' title='bbox 1066 1097 1369 1164; x_wconf 89' lang='lat' dir='ltr'>Apostolica</span> <span class='ocrx_word' id='word_1_55' title='bbox 1409 1096 1543 1148; x_wconf 86' lang='lat' dir='ltr'>Sede</span> <span class='ocrx_word' id='word_1_56' title='bbox 1580 1098 1772 1148; x_wconf 87' lang='lat' dir='ltr'>collata</span> <span class='ocrx_word' id='word_1_57' title='bbox 1799 1103 1939 1161; x_wconf 87' lang='lat' dir='ltr'>sunt,</span> <span class='ocrx_word' id='word_1_58' title='bbox 1963 1103 2124 1167; x_wconf 88' lang='lat' dir='ltr'>prout</span> <span class='ocrx_word' id='word_1_59' title='bbox 2146 1103 2327 1167; x_wconf 87' lang='lat' dir='ltr'>aperte</span> 
     </span>
     <span class='ocr_line' id='line_1_9' title="bbox 414 1182 2326 1235; baseline 0 -1"><span class='ocrx_word' id='word_1_60' title='bbox 414 1188 494 1234; x_wconf 87' lang='lat' dir='ltr'>est</span> <span class='ocrx_word' id='word_1_61' title='bbox 535 1183 863 1234; x_wconf 90' lang='lat' dir='ltr'>declaratum</span> <span class='ocrx_word' id='word_1_62' title='bbox 906 1199 1043 1233; x_wconf 90' lang='lat' dir='ltr'>anno</span> <span class='ocrx_word' id='word_1_63' title='bbox 1085 1194 1447 1234; x_wconf 82' lang='lat' dir='ltr'>MDCGCLXXIV</span> <span class='ocrx_word' id='word_1_64' title='bbox 1489 1199 1521 1232; x_wconf 85' lang='lat' dir='ltr'>a</span> <span class='ocrx_word' id='word_1_65' title='bbox 1569 1199 1710 1234; x_wconf 89' lang='lat' dir='ltr'>sacro</span> <span class='ocrx_word' id='word_1_66' title='bbox 1761 1182 1992 1235; x_wconf 84' lang='lat' dir='ltr'>Consilio</span> <span class='ocrx_word' id='word_1_67' title='bbox 2041 1183 2326 1235; x_wconf 86' lang='lat' dir='ltr'>christiano</span> 
     </span>
    </p>
   </div>
   <div class='ocr_carea' id='block_1_4' title="bbox 413 1267 2327 1403">
    <p class='ocr_par' dir='ltr' id='par_1_4' title="bbox 413 1267 2327 1403">
     <span class='ocr_line' id='line_1_10' title="bbox 413 1267 2327 1336; baseline 0 -18"><span class='ocrx_word' id='word_1_68' title='bbox 413 1269 629 1319; x_wconf 89' lang='lat' dir='ltr'>nomino</span> <span class='ocrx_word' id='word_1_69' title='bbox 653 1267 1008 1336; x_wconf 80' lang='lat' dir='ltr'>propagandO,</span> <span class='ocrx_word' id='word_1_70' title='bbox 1034 1284 1199 1334; x_wconf 91' lang='lat' dir='ltr'>quum</span> <span class='ocrx_word' id='word_1_71' title='bbox 1224 1271 1346 1317; x_wconf 88' lang='lat' dir='ltr'>acta</span> <span class='ocrx_word' id='word_1_72' title='bbox 1385 1268 1800 1334; x_wconf 76' lang='lat' dir='ltr'>expenderentur</span> <span class='ocrx_word' id='word_1_73' title='bbox 1844 1268 2068 1320; x_wconf 88' lang='lat' dir='ltr'>Concilii</span> <span class='ocrx_word' id='word_1_74' title='bbox 2104 1268 2327 1320; x_wconf 88' lang='lat' dir='ltr'>Provin-</span> 
     </span>
     <span class='ocr_line' id='line_1_11' title="bbox 414 1345 1734 1403; baseline -0.001 0"><span class='ocrx_word' id='word_1_75' title='bbox 414 1352 562 1403; x_wconf 90' lang='lat' dir='ltr'>cialis</span> <span class='ocrx_word' id='word_1_76' title='bbox 586 1352 1164 1402; x_wconf 87' lang='lat' dir='ltr'>Westmonasteriensis</span> <span class='ocrx_word' id='word_1_77' title='bbox 1189 1353 1287 1402; x_wconf 84' lang='lat' dir='ltr'>1V.1</span> <span class='ocrx_word' id='word_1_78' title='bbox 1732 1345 1734 1347; x_wconf 37' lang='lat'>¹</span> 
     </span>
    </p>
   </div>
   <div class='ocr_carea' id='block_1_5' title="bbox 412 1449 2329 3307">
    <p class='ocr_par' dir='ltr' id='par_1_5' title="bbox 412 1449 2329 3307">
     <span class='ocr_line' id='line_1_12' title="bbox 558 1449 2324 1520; baseline 0.002 -21"><span class='ocrx_word' id='word_1_79' title='bbox 558 1450 734 1511; x_wconf 80' lang='lat' dir='ltr'>Quum</span> <span class='ocrx_word' id='word_1_80' title='bbox 759 1466 837 1499; x_wconf 87' lang='lat' dir='ltr'>res</span> <span class='ocrx_word' id='word_1_81' title='bbox 875 1450 934 1499; x_wconf 91' lang='lat' dir='ltr'>in</span> <span class='ocrx_word' id='word_1_82' title='bbox 979 1449 1110 1499; x_wconf 90' lang='lat' dir='ltr'>vado</span> <span class='ocrx_word' id='word_1_83' title='bbox 1152 1450 1224 1500; x_wconf 89' lang='lat' dir='ltr'>sit</span> <span class='ocrx_word' id='word_1_84' title='bbox 1267 1450 1409 1516; x_wconf 91' lang='lat' dir='ltr'>quod</span> <span class='ocrx_word' id='word_1_85' title='bbox 1451 1451 1519 1501; x_wconf 89' lang='lat' dir='ltr'>ad</span> <span class='ocrx_word' id='word_1_86' title='bbox 1546 1451 1744 1502; x_wconf 88' lang='lat' dir='ltr'>scholas</span> <span class='ocrx_word' id='word_1_87' title='bbox 1788 1453 1988 1503; x_wconf 89' lang='lat' dir='ltr'>attinet</span> <span class='ocrx_word' id='word_1_88' title='bbox 2028 1456 2082 1503; x_wconf 89' lang='lat' dir='ltr'>et</span> <span class='ocrx_word' id='word_1_89' title='bbox 2102 1452 2324 1520; x_wconf 86' lang='lat' dir='ltr'>collegia</span> 
     </span>
     <span class='ocr_line' id='line_1_13' title="bbox 413 1535 2327 1606; baseline 0.001 -19"><span class='ocrx_word' id='word_1_90' title='bbox 413 1537 734 1606; x_wconf 84' lang='lat' dir='ltr'>regularium</span> <span class='ocrx_word' id='word_1_91' title='bbox 769 1536 888 1603; x_wconf 90' lang='lat' dir='ltr'>jam</span> <span class='ocrx_word' id='word_1_92' title='bbox 931 1536 1242 1597; x_wconf 87' lang='lat' dir='ltr'>constituta,</span> <span class='ocrx_word' id='word_1_93' title='bbox 1285 1535 1457 1586; x_wconf 89' lang='lat' dir='ltr'>adhuc</span> <span class='ocrx_word' id='word_1_94' title='bbox 1496 1540 1680 1587; x_wconf 87' lang='lat' dir='ltr'>tamen</span> <span class='ocrx_word' id='word_1_95' title='bbox 1704 1540 1785 1587; x_wconf 89' lang='lat' dir='ltr'>est</span> <span class='ocrx_word' id='word_1_96' title='bbox 1821 1537 1881 1586; x_wconf 93' lang='lat' dir='ltr'>in</span> <span class='ocrx_word' id='word_1_97' title='bbox 1905 1538 2147 1604; x_wconf 88' lang='lat' dir='ltr'>ancipiti,</span> <span class='ocrx_word' id='word_1_98' title='bbox 2171 1539 2217 1588; x_wconf 88' lang='lat' dir='ltr'>si</span> <span class='ocrx_word' id='word_1_99' title='bbox 2258 1539 2327 1588; x_wconf 88' lang='lat' dir='ltr'>de</span> 
     </span>
     <span class='ocr_line' id='line_1_14' title="bbox 413 1620 2325 1691; baseline 0 -18"><span class='ocrx_word' id='word_1_100' title='bbox 413 1624 562 1673; x_wconf 86' lang='lat' dir='ltr'>novis</span> <span class='ocrx_word' id='word_1_101' title='bbox 606 1622 868 1689; x_wconf 88' lang='lat' dir='ltr'>erigendis</span> <span class='ocrx_word' id='word_1_102' title='bbox 910 1625 1114 1690; x_wconf 84' lang='lat' dir='ltr'>agatur.</span> <span class='ocrx_word' id='word_1_103' title='bbox 1206 1620 1285 1672; x_wconf 91' lang='lat' dir='ltr'>De</span> <span class='ocrx_word' id='word_1_104' title='bbox 1326 1621 1410 1672; x_wconf 92' lang='lat' dir='ltr'>his</span> <span class='ocrx_word' id='word_1_105' title='bbox 1450 1621 1595 1672; x_wconf 89' lang='lat' dir='ltr'>enim</span> <span class='ocrx_word' id='word_1_106' title='bbox 1634 1622 1934 1689; x_wconf 86' lang='lat' dir='ltr'>quaeritur3</span> <span class='ocrx_word' id='word_1_107' title='bbox 1989 1639 2058 1672; x_wconf 89' lang='lat' dir='ltr'>an</span> <span class='ocrx_word' id='word_1_108' title='bbox 2083 1627 2140 1673; x_wconf 94' lang='lat' dir='ltr'>et</span> <span class='ocrx_word' id='word_1_109' title='bbox 2174 1623 2325 1691; x_wconf 91' lang='lat' dir='ltr'>cujus</span> 
     </span>
     <span class='ocr_line' id='line_1_15' title="bbox 414 1706 2329 1775; baseline -0.001 -16"><span class='ocrx_word' id='word_1_110' title='bbox 414 1708 690 1775; x_wconf 88' lang='lat' dir='ltr'>superioris</span> <span class='ocrx_word' id='word_1_111' title='bbox 715 1707 870 1757; x_wconf 87' lang='lat' dir='ltr'>venia</span> <span class='ocrx_word' id='word_1_112' title='bbox 895 1707 966 1757; x_wconf 91' lang='lat' dir='ltr'>sit</span> <span class='ocrx_word' id='word_1_113' title='bbox 990 1706 1367 1774; x_wconf 85' lang='lat' dir='ltr'>impetranda?</span> <span class='ocrx_word' id='word_1_114' title='bbox 1441 1706 1600 1757; x_wconf 88' lang='lat' dir='ltr'>Porro</span> <span class='ocrx_word' id='word_1_115' title='bbox 1625 1723 1748 1756; x_wconf 91' lang='lat' dir='ltr'>cum</span> <span class='ocrx_word' id='word_1_116' title='bbox 1774 1707 1936 1758; x_wconf 89' lang='lat' dir='ltr'>latius</span> <span class='ocrx_word' id='word_1_117' title='bbox 1959 1723 2022 1758; x_wconf 90' lang='grc'>33</span> <span class='ocrx_word' id='word_1_118' title='bbox 2057 1708 2329 1758; x_wconf 71' lang='lat' dir='ltr'>dubitatio</span> 
     </span>
     <span class='ocr_line' id='line_1_16' title="bbox 412 1791 2325 1861; baseline 0 -17"><span class='ocrx_word' id='word_1_119' title='bbox 412 1798 596 1861; x_wconf 87' lang='lat' dir='ltr'>pateat</span> <span class='ocrx_word' id='word_1_120' title='bbox 620 1798 676 1843; x_wconf 91' lang='lat' dir='ltr'>et</span> <span class='ocrx_word' id='word_1_121' title='bbox 718 1792 1055 1842; x_wconf 90' lang='lat' dir='ltr'>ecclesiarum</span> <span class='ocrx_word' id='word_1_122' title='bbox 1098 1808 1307 1858; x_wconf 91' lang='lat' dir='ltr'>quoque</span> <span class='ocrx_word' id='word_1_123' title='bbox 1350 1809 1412 1842; x_wconf 92' lang='lat' dir='ltr'>ac</span> <span class='ocrx_word' id='word_1_124' title='bbox 1454 1791 1820 1843; x_wconf 89' lang='lat' dir='ltr'>coenobiorum</span> <span class='ocrx_word' id='word_1_125' title='bbox 1866 1793 2184 1843; x_wconf 83' lang='lat' dir='ltr'>erectionem</span> <span class='ocrx_word' id='word_1_126' title='bbox 2209 1810 2325 1860; x_wconf 90' lang='lat' dir='ltr'>per-</span> 
     </span>
     <span class='ocr_line' id='line_1_17' title="bbox 413 1877 2324 1946; baseline -0.001 -16"><span class='ocrx_word' id='word_1_127' title='bbox 413 1881 610 1946; x_wconf 88' lang='lat' dir='ltr'>tingat,</span> <span class='ocrx_word' id='word_1_128' title='bbox 671 1879 851 1928; x_wconf 90' lang='lat' dir='ltr'>omnia</span> <span class='ocrx_word' id='word_1_129' title='bbox 911 1877 1039 1927; x_wconf 89' lang='lat' dir='ltr'>haec</span> <span class='ocrx_word' id='word_1_130' title='bbox 1099 1878 1258 1927; x_wconf 91' lang='lat' dir='ltr'>unius</span> <span class='ocrx_word' id='word_1_131' title='bbox 1320 1877 1644 1944; x_wconf 86' lang='lat' dir='ltr'>quaestionis</span> <span class='ocrx_word' id='word_1_132' title='bbox 1704 1882 1761 1927; x_wconf 94' lang='lat' dir='ltr'>et</span> <span class='ocrx_word' id='word_1_133' title='bbox 1823 1878 2021 1945; x_wconf 88' lang='lat' dir='ltr'>judicii</span> <span class='ocrx_word' id='word_1_134' title='bbox 2082 1879 2324 1928; x_wconf 87' lang='lat' dir='ltr'>terminis</span> 
     </span>
     <span class='ocr_line' id='line_1_18' title="bbox 414 1961 2329 2031; baseline -0.002 -16"><span class='ocrx_word' id='word_1_135' title='bbox 414 1964 834 2031; x_wconf 84' lang='lat' dir='ltr'>complectimur.</span> <span class='ocrx_word' id='word_1_136' title='bbox 922 1962 1101 2029; x_wconf 81' lang='lat' dir='ltr'>Atque</span> <span class='ocrx_word' id='word_1_137' title='bbox 1139 1962 1228 2012; x_wconf 90' lang='lat' dir='ltr'>hic</span> <span class='ocrx_word' id='word_1_138' title='bbox 1270 1963 1442 2029; x_wconf 91' lang='lat' dir='ltr'>primo</span> <span class='ocrx_word' id='word_1_139' title='bbox 1485 1966 1765 2012; x_wconf 89' lang='lat' dir='ltr'>occurrunt</span> <span class='ocrx_word' id='word_1_140' title='bbox 1789 1961 2086 2013; x_wconf 88' lang='lat' dir='ltr'>Decretales</span> <span class='ocrx_word' id='word_1_141' title='bbox 2110 1967 2329 2025; x_wconf 73' lang='lat' dir='ltr'>veteres,</span> 
     </span>
     <span class='ocr_line' id='line_1_19' title="bbox 413 2045 2324 2116; baseline -0.001 -17"><span class='ocrx_word' id='word_1_142' title='bbox 413 2049 605 2116; x_wconf 88' lang='lat' dir='ltr'>quibus</span> <span class='ocrx_word' id='word_1_143' title='bbox 649 2052 729 2097; x_wconf 88' lang='lat' dir='ltr'>est</span> <span class='ocrx_word' id='word_1_144' title='bbox 778 2050 996 2096; x_wconf 89' lang='lat' dir='ltr'>cautum</span> <span class='ocrx_word' id='word_1_145' title='bbox 1038 2062 1107 2096; x_wconf 92' lang='lat' dir='ltr'>ne</span> <span class='ocrx_word' id='word_1_146' title='bbox 1155 2046 1285 2113; x_wconf 83' lang='lat' dir='ltr'>quid</span> <span class='ocrx_word' id='word_1_147' title='bbox 1334 2045 1637 2113; x_wconf 89' lang='lat' dir='ltr'>hujusmodi</span> <span class='ocrx_word' id='word_1_148' title='bbox 1686 2047 1968 2113; x_wconf 89' lang='lat' dir='ltr'>quisquam</span> <span class='ocrx_word' id='word_1_149' title='bbox 2016 2047 2324 2098; x_wconf 82' lang='lat' dir='ltr'>institueret</span> 
     </span>
     <span class='ocr_line' id='line_1_20' title="bbox 413 2131 2328 2200; baseline -0.001 -16"><span class='ocrx_word' id='word_1_150' title='bbox 413 2134 609 2200; x_wconf 87' lang='lat' dir='ltr'>absque</span> <span class='ocrx_word' id='word_1_151' title='bbox 651 2131 802 2182; x_wconf 89' lang='lat' dir='ltr'>Sedis</span> <span class='ocrx_word' id='word_1_152' title='bbox 840 2131 1174 2198; x_wconf 85' lang='lat' dir='ltr'>Apostolicae</span> <span class='ocrx_word' id='word_1_153' title='bbox 1217 2131 1434 2182; x_wconf 86' lang='lat' dir='ltr'>licentia</span> <span class='ocrx_word' id='word_1_154' title='bbox 1477 2131 1733 2198; x_wconf 81' lang='lat' dir='ltr'>speciali.2</span> <span class='ocrx_word' id='word_1_155' title='bbox 1828 2131 2176 2182; x_wconf 89' lang='lat' dir='ltr'>Postmodum</span> <span class='ocrx_word' id='word_1_156' title='bbox 2209 2132 2328 2182; x_wconf 80' lang='lat' dir='ltr'>Tri-</span> 
     </span>
     <span class='ocr_line' id='line_1_21' title="bbox 414 2215 2323 2285; baseline -0.002 -15"><span class='ocrx_word' id='word_1_157' title='bbox 414 2219 634 2270; x_wconf 91' lang='lat' dir='ltr'>dentina</span> <span class='ocrx_word' id='word_1_158' title='bbox 685 2217 927 2285; x_wconf 87' lang='lat' dir='ltr'>Synodus</span> <span class='ocrx_word' id='word_1_159' title='bbox 975 2218 1033 2266; x_wconf 88' lang='lat' dir='ltr'>in</span> <span class='ocrx_word' id='word_1_160' title='bbox 1083 2217 1266 2267; x_wconf 91' lang='lat' dir='ltr'>eodem</span> <span class='ocrx_word' id='word_1_161' title='bbox 1329 2233 1519 2285; x_wconf 88' lang='lat' dir='ltr'>genere</span> <span class='ocrx_word' id='word_1_162' title='bbox 1580 2217 1874 2284; x_wconf 89' lang='lat' dir='ltr'>quidquam</span> <span class='ocrx_word' id='word_1_163' title='bbox 1935 2234 2149 2284; x_wconf 89' lang='lat' dir='ltr'>operum</span> <span class='ocrx_word' id='word_1_164' title='bbox 2209 2215 2323 2268; x_wconf 86' lang='lat' dir='ltr'>fieri</span> 
     </span>
     <span class='ocr_line' id='line_1_22' title="bbox 413 2301 2323 2371; baseline -0.002 -16"><span class='ocrx_word' id='word_1_165' title='bbox 413 2303 686 2371; x_wconf 82' lang='lat' dir='ltr'>prohibuit</span> <span class='ocrx_word' id='word_1_166' title='bbox 747 2306 780 2331; x_wconf 99' lang='lat'>‘⁶</span> <span class='ocrx_word' id='word_1_167' title='bbox 798 2302 908 2352; x_wconf 91' lang='lat' dir='ltr'>sine</span> <span class='ocrx_word' id='word_1_168' title='bbox 957 2301 1227 2368; x_wconf 86' lang='lat' dir='ltr'>Episcopi,</span> <span class='ocrx_word' id='word_1_169' title='bbox 1275 2303 1333 2351; x_wconf 92' lang='lat' dir='ltr'>in</span> <span class='ocrx_word' id='word_1_170' title='bbox 1383 2302 1465 2369; x_wconf 89' lang='lat' dir='ltr'>cuj</span> <span class='ocrx_word' id='word_1_171' title='bbox 1474 2319 1535 2352; x_wconf 91' lang='lat' dir='ltr'>us</span> <span class='ocrx_word' id='word_1_172' title='bbox 1585 2302 1810 2352; x_wconf 89' lang='lat' dir='ltr'>dioecesi</span> <span class='ocrx_word' id='word_1_173' title='bbox 1872 2302 2119 2369; x_wconf 90' lang='lat' dir='ltr'>erigenda</span> <span class='ocrx_word' id='word_1_174' title='bbox 2181 2306 2323 2364; x_wconf 87' lang='lat' dir='ltr'>sunt,</span> 
     </span>
     <span class='ocr_line' id='line_1_23' title="bbox 415 2385 2324 2454; baseline -0.002 -15"><span class='ocrx_word' id='word_1_175' title='bbox 415 2389 683 2439; x_wconf 89' lang='lat' dir='ltr'>“licentia</span> <span class='ocrx_word' id='word_1_176' title='bbox 707 2388 853 2454; x_wconf 89' lang='lat' dir='ltr'>prius</span> <span class='ocrx_word' id='word_1_177' title='bbox 893 2386 1110 2436; x_wconf 87' lang='lat' dir='ltr'>obtenta</span> <span class='ocrx_word' id='word_1_178' title='bbox 1130 2385 1152 2416; x_wconf 85' lang='grc'><strong>3</strong></span> <span class='ocrx_word' id='word_1_179' title='bbox 1167 2385 1224 2436; x_wconf 88' lang='lat'>&#39;&#39;:</span> <span class='ocrx_word' id='word_1_180' title='bbox 1300 2403 1404 2453; x_wconf 91' lang='lat' dir='ltr'>quo</span> <span class='ocrx_word' id='word_1_181' title='bbox 1442 2391 1624 2437; x_wconf 87' lang='lat' dir='ltr'>tamen</span> <span class='ocrx_word' id='word_1_182' title='bbox 1669 2385 1895 2437; x_wconf 87' lang='lat' dir='ltr'>Concilii</span> <span class='ocrx_word' id='word_1_183' title='bbox 1933 2387 2143 2436; x_wconf 88' lang='lat' dir='ltr'>decreto</span> <span class='ocrx_word' id='word_1_184' title='bbox 2181 2386 2324 2436; x_wconf 90' lang='lat' dir='ltr'>haud</span> 
     </span>
     <span class='ocr_line' id='line_1_24' title="bbox 414 2471 2325 2542; baseline -0.002 -16"><span class='ocrx_word' id='word_1_185' title='bbox 414 2480 495 2526; x_wconf 90' lang='lat' dir='ltr'>est</span> <span class='ocrx_word' id='word_1_186' title='bbox 519 2473 872 2542; x_wconf 88' lang='lat' dir='ltr'>superioribus</span> <span class='ocrx_word' id='word_1_187' title='bbox 896 2471 1102 2540; x_wconf 87' lang='lat' dir='ltr'>legibus</span> <span class='ocrx_word' id='word_1_188' title='bbox 1127 2472 1457 2540; x_wconf 89' lang='lat' dir='ltr'>derogatum,</span> <span class='ocrx_word' id='word_1_189' title='bbox 1482 2473 1695 2522; x_wconf 90' lang='lat' dir='ltr'>veniam</span> <span class='ocrx_word' id='word_1_190' title='bbox 1735 2472 1802 2522; x_wconf 90' lang='lat' dir='ltr'>ab</span> <span class='ocrx_word' id='word_1_191' title='bbox 1844 2471 2147 2538; x_wconf 90' lang='lat' dir='ltr'>Apostolica</span> <span class='ocrx_word' id='word_1_192' title='bbox 2191 2471 2325 2523; x_wconf 85' lang='lat' dir='ltr'>Sede</span> 
     </span>
     <span class='ocr_line' id='line_1_25' title="bbox 414 2555 2323 2627; baseline -0.003 -16"><span class='ocrx_word' id='word_1_193' title='bbox 414 2560 687 2627; x_wconf 88' lang='lat' dir='ltr'>impetrari</span> <span class='ocrx_word' id='word_1_194' title='bbox 703 2556 1036 2624; x_wconf 76' lang='lat' dir='ltr'>jubentibus,</span> <span class='ocrx_word' id='word_1_195' title='bbox 1130 2555 1457 2624; x_wconf 81' lang='lat' dir='ltr'>Quapropter</span> <span class='ocrx_word' id='word_1_196' title='bbox 1481 2573 1605 2607; x_wconf 91' lang='lat' dir='ltr'>cum</span> <span class='ocrx_word' id='word_1_197' title='bbox 1630 2574 1691 2607; x_wconf 88' lang='lat' dir='ltr'>ea</span> <span class='ocrx_word' id='word_1_198' title='bbox 1730 2557 1789 2607; x_wconf 91' lang='lat' dir='ltr'>in</span> <span class='ocrx_word' id='word_1_199' title='bbox 1812 2574 1867 2607; x_wconf 92' lang='lat' dir='ltr'>re</span> <span class='ocrx_word' id='word_1_200' title='bbox 1891 2557 2105 2608; x_wconf 89' lang='lat' dir='ltr'>liberius</span> <span class='ocrx_word' id='word_1_201' title='bbox 2128 2557 2323 2624; x_wconf 89' lang='lat' dir='ltr'>passim</span> 
     </span>
     <span class='ocr_line' id='line_1_26' title="bbox 415 2641 2325 2714; baseline -0.003 -18"><span class='ocrx_word' id='word_1_202' title='bbox 415 2649 673 2714; x_wconf 85' lang='lat' dir='ltr'>ageretur,</span> <span class='ocrx_word' id='word_1_203' title='bbox 701 2642 944 2692; x_wconf 87' lang='lat' dir='ltr'>Urbanus</span> <span class='ocrx_word' id='word_1_204' title='bbox 969 2641 1127 2692; x_wconf 88' lang='lat' dir='ltr'>VIII.</span> <span class='ocrx_word' id='word_1_205' title='bbox 1151 2643 1172 2671; x_wconf 76' lang='lat'>4</span> <span class='ocrx_word' id='word_1_206' title='bbox 1208 2659 1426 2709; x_wconf 86' lang='lat' dir='ltr'>pravam</span> <span class='ocrx_word' id='word_1_207' title='bbox 1469 2644 1909 2694; x_wconf 88' lang='lat' dir='ltr'>consuetudinem</span> <span class='ocrx_word' id='word_1_208' title='bbox 1934 2642 2325 2703; x_wconf 77' lang='lat' dir='ltr'>emendaturUS‚</span> 
     </span>
     <span class='ocr_line' id='line_1_27' title="bbox 416 2727 2325 2798; baseline -0.003 -16"><span class='ocrx_word' id='word_1_209' title='bbox 416 2747 571 2798; x_wconf 87' lang='lat' dir='ltr'>opera</span> <span class='ocrx_word' id='word_1_210' title='bbox 595 2728 856 2797; x_wconf 90' lang='lat' dir='ltr'>ejusmodi</span> <span class='ocrx_word' id='word_1_211' title='bbox 879 2727 1202 2794; x_wconf 88' lang='lat' dir='ltr'>improbavit</span> <span class='ocrx_word' id='word_1_212' title='bbox 1225 2732 1339 2778; x_wconf 91' lang='lat' dir='ltr'>tam</span> <span class='ocrx_word' id='word_1_213' title='bbox 1380 2745 1517 2795; x_wconf 87' lang='lat' dir='ltr'>quae</span> <span class='ocrx_word' id='word_1_214' title='bbox 1542 2729 1655 2780; x_wconf 92' lang='lat' dir='ltr'>sine</span> <span class='ocrx_word' id='word_1_215' title='bbox 1691 2730 1845 2780; x_wconf 88' lang='lat' dir='ltr'>venia</span> <span class='ocrx_word' id='word_1_216' title='bbox 1871 2728 2139 2795; x_wconf 82' lang='lat' dir='ltr'>Episcopi,</span> <span class='ocrx_word' id='word_1_217' title='bbox 2162 2743 2325 2793; x_wconf 88' lang='lat' dir='ltr'>quam</span> 
     </span>
     <span class='ocr_line' id='line_1_28' title="bbox 417 2814 2325 2884; baseline -0.003 -18"><span class='ocrx_word' id='word_1_218' title='bbox 417 2833 552 2884; x_wconf 88' lang='lat' dir='ltr'>quae</span> <span class='ocrx_word' id='word_1_219' title='bbox 579 2815 687 2865; x_wconf 88' lang='lat' dir='ltr'>sola</span> <span class='ocrx_word' id='word_1_220' title='bbox 711 2814 858 2864; x_wconf 90' lang='lat' dir='ltr'>illius</span> <span class='ocrx_word' id='word_1_221' title='bbox 897 2815 1215 2864; x_wconf 87' lang='lat' dir='ltr'>auctoritate</span> <span class='ocrx_word' id='word_1_222' title='bbox 1257 2815 1660 2882; x_wconf 87' lang='lat' dir='ltr'>susciperentur,</span> <span class='ocrx_word' id='word_1_223' title='bbox 1686 2818 1742 2864; x_wconf 91' lang='lat' dir='ltr'>et</span> <span class='ocrx_word' id='word_1_224' title='bbox 1785 2819 2021 2864; x_wconf 89' lang='lat' dir='ltr'>veterum</span> <span class='ocrx_word' id='word_1_225' title='bbox 2064 2827 2325 2861; x_wconf 88' lang='lat' dir='ltr'>canonum</span> 
     </span>
     <span class='ocr_line' id='line_1_29' title="bbox 419 2896 2324 2966; baseline -0.004 -14"><span class='ocrx_word' id='word_1_226' title='bbox 419 2900 579 2952; x_wconf 88' lang='lat' dir='ltr'>simul</span> <span class='ocrx_word' id='word_1_227' title='bbox 619 2896 948 2965; x_wconf 88' lang='lat' dir='ltr'>Conciliique</span> <span class='ocrx_word' id='word_1_228' title='bbox 990 2899 1292 2949; x_wconf 88' lang='lat' dir='ltr'>Tridentini</span> <span class='ocrx_word' id='word_1_229' title='bbox 1334 2899 1474 2966; x_wconf 87' lang='lat' dir='ltr'>leges</span> <span class='ocrx_word' id='word_1_230' title='bbox 1517 2901 1732 2949; x_wconf 89' lang='lat' dir='ltr'>omnino</span> <span class='ocrx_word' id='word_1_231' title='bbox 1757 2899 1816 2947; x_wconf 91' lang='lat' dir='ltr'>in</span> <span class='ocrx_word' id='word_1_232' title='bbox 1839 2902 2109 2965; x_wconf 89' lang='lat' dir='ltr'>posterum</span> <span class='ocrx_word' id='word_1_233' title='bbox 2135 2896 2324 2946; x_wconf 88' lang='lat' dir='ltr'>servari</span> 
     </span>
     <span class='ocr_line' id='line_1_30' title="bbox 419 2980 2321 3050; baseline -0.003 -14"><span class='ocrx_word' id='word_1_234' title='bbox 419 2983 867 3036; x_wconf 88' lang='lat' dir='ltr'>decrevit.—Huc</span> <span class='ocrx_word' id='word_1_235' title='bbox 917 2984 1080 3034; x_wconf 90' lang='lat' dir='ltr'>etiam</span> <span class='ocrx_word' id='word_1_236' title='bbox 1124 2985 1384 3050; x_wconf 88' lang='lat' dir='ltr'>spectavit</span> <span class='ocrx_word' id='word_1_237' title='bbox 1428 2984 1772 3034; x_wconf 87' lang='lat' dir='ltr'>Innocentius</span> <span class='ocrx_word' id='word_1_238' title='bbox 1811 2983 1881 3033; x_wconf 90' lang='lat' dir='ltr'>X.</span> <span class='ocrx_word' id='word_1_239' title='bbox 1930 2983 1991 3032; x_wconf 91' lang='lat' dir='ltr'>in</span> <span class='ocrx_word' id='word_1_240' title='bbox 2035 2980 2321 3032; x_wconf 86' lang='lat' dir='ltr'>Constitut.</span> 
     </span>
     <span class='ocr_line' id='line_1_31' title="bbox 418 3066 2325 3143; baseline -0.004 -22"><span class='ocrx_word' id='word_1_241' title='bbox 418 3066 838 3143; x_wconf 49' lang='lat' dir='ltr'>Instaurandae</span> <span class='ocrx_word' id='word_1_242' title='bbox 880 3067 1065 3118; x_wconf 89' lang='lat' dir='ltr'>Idibus</span> <span class='ocrx_word' id='word_1_243' title='bbox 1110 3066 1350 3118; x_wconf 89' lang='lat' dir='ltr'>Octobris</span> <span class='ocrx_word' id='word_1_244' title='bbox 1393 3080 1608 3130; x_wconf 81' lang='lat' dir='ltr'>MDCLH,</span> <span class='ocrx_word' id='word_1_245' title='bbox 1633 3084 1738 3133; x_wconf 87' lang='lat' dir='ltr'>qua</span> <span class='ocrx_word' id='word_1_246' title='bbox 1779 3066 2049 3134; x_wconf 88' lang='lat' dir='ltr'>praecepit</span> <span class='ocrx_word' id='word_1_247' title='bbox 2071 3070 2135 3116; x_wconf 91' lang='lat' dir='ltr'>ut</span> <span class='ocrx_word' id='word_1_248' title='bbox 2169 3082 2325 3115; x_wconf 90' lang='lat' dir='ltr'>nemo</span> 
     </span>
     <span class='ocr_line' id='line_1_32' title="bbox 420 3150 2327 3220; baseline -0.003 -16"><span class='ocrx_word' id='word_1_249' title='bbox 420 3172 484 3205; x_wconf 82' lang='lat' dir='ltr'>ex</span> <span class='ocrx_word' id='word_1_250' title='bbox 524 3154 744 3204; x_wconf 88' lang='lat' dir='ltr'>familiis</span> <span class='ocrx_word' id='word_1_251' title='bbox 786 3152 1113 3220; x_wconf 87' lang='lat' dir='ltr'>regularibus</span> <span class='ocrx_word' id='word_1_252' title='bbox 1151 3157 1184 3182; x_wconf 87' lang='lat'>‘⁶</span> <span class='ocrx_word' id='word_1_253' title='bbox 1200 3154 1382 3202; x_wconf 91' lang='lat' dir='ltr'>domos</span> <span class='ocrx_word' id='word_1_254' title='bbox 1424 3152 1508 3202; x_wconf 89' lang='lat' dir='ltr'>vel</span> <span class='ocrx_word' id='word_1_255' title='bbox 1551 3152 1665 3202; x_wconf 88' lang='lat' dir='ltr'>loca</span> <span class='ocrx_word' id='word_1_256' title='bbox 1704 3167 2066 3219; x_wconf 89' lang='lat' dir='ltr'>quaecumque</span> <span class='ocrx_word' id='word_1_257' title='bbox 2101 3150 2164 3200; x_wconf 93' lang='lat' dir='ltr'>de</span> <span class='ocrx_word' id='word_1_258' title='bbox 2188 3165 2327 3201; x_wconf 88' lang='lat' dir='ltr'>novo</span> 
     </span>
     <span class='ocr_line' id='line_1_33' title="bbox 422 3234 2324 3307; baseline -0.003 -18"><span class='ocrx_word' id='word_1_259' title='bbox 422 3244 455 3270; x_wconf 93' lang='lat'>‘⁶</span> <span class='ocrx_word' id='word_1_260' title='bbox 470 3241 698 3307; x_wconf 89' lang='lat' dir='ltr'>recipere</span> <span class='ocrx_word' id='word_1_261' title='bbox 716 3238 799 3288; x_wconf 87' lang='lat' dir='ltr'>vel</span> <span class='ocrx_word' id='word_1_262' title='bbox 818 3238 1038 3288; x_wconf 83' lang='lat' dir='ltr'>fundare</span> <span class='ocrx_word' id='word_1_263' title='bbox 1056 3241 1356 3304; x_wconf 87' lang='lat' dir='ltr'>praesumat</span> <span class='ocrx_word' id='word_1_264' title='bbox 1373 3238 1568 3303; x_wconf 86' lang='lat' dir='ltr'>absque</span> <span class='ocrx_word' id='word_1_265' title='bbox 1588 3236 1738 3287; x_wconf 87' lang='lat' dir='ltr'>Sedis</span> <span class='ocrx_word' id='word_1_266' title='bbox 1756 3236 2088 3304; x_wconf 86' lang='lat' dir='ltr'>Apostolicae</span> <span class='ocrx_word' id='word_1_267' title='bbox 2106 3234 2324 3285; x_wconf 87' lang='lat' dir='ltr'>licentia</span> 
     </span>
    </p>
   </div>
   <div class='ocr_carea' id='block_1_6' title="bbox 420 3385 2320 3702">
    <p class='ocr_par' dir='ltr' id='par_1_6' title="bbox 569 3385 875 3426">
     <span class='ocr_line' id='line_1_34' title="bbox 569 3385 875 3426; baseline -0.003 -1"><span class='ocrx_word' id='word_1_268' title='bbox 569 3385 585 3407; x_wconf 82' lang='lat'>¹</span> <span class='ocrx_word' id='word_1_269' title='bbox 617 3386 786 3426; x_wconf 86' lang='lat' dir='ltr'>Decret.</span> <span class='ocrx_word' id='word_1_270' title='bbox 811 3387 875 3424; x_wconf 90' lang='lat'>26.</span> 
     </span>
    </p>

    <p class='ocr_par' dir='ltr' id='par_1_7' title="bbox 420 3447 2320 3571">
     <span class='ocr_line' id='line_1_35' title="bbox 567 3447 2320 3504; baseline -0.003 -13"><span class='ocrx_word' id='word_1_271' title='bbox 567 3451 584 3473; x_wconf 84' lang='lat'><strong>²</strong></span> <span class='ocrx_word' id='word_1_272' title='bbox 616 3452 717 3504; x_wconf 83' lang='lat' dir='ltr'>Cap.</span> <span class='ocrx_word' id='word_1_273' title='bbox 741 3451 1060 3503; x_wconf 85' lang='lat' dir='ltr'>Religiosorum,</span> <span class='ocrx_word' id='word_1_274' title='bbox 1086 3450 1103 3502; x_wconf 58' lang='grc' dir='ltr'>ᾧ</span> <span class='ocrx_word' id='word_1_275' title='bbox 1129 3451 1397 3499; x_wconf 65' lang='lat' dir='ltr'>Oomfirmatm</span> <span class='ocrx_word' id='word_1_276' title='bbox 1415 3451 1587 3500; x_wconf 76' lang='lat' dir='ltr'>dereliq.</span> <span class='ocrx_word' id='word_1_277' title='bbox 1611 3449 1750 3488; x_wconf 78' lang='lat' dir='ltr'>domib.</span> <span class='ocrx_word' id='word_1_278' title='bbox 1774 3450 1816 3490; x_wconf 85' lang='lat' dir='ltr'>et</span> <span class='ocrx_word' id='word_1_279' title='bbox 1843 3461 1932 3500; x_wconf 86' lang='lat' dir='ltr'>cap.</span> <span class='ocrx_word' id='word_1_280' title='bbox 1953 3450 2019 3488; x_wconf 71' lang='lat' dir='ltr'>Ex</span> <span class='ocrx_word' id='word_1_281' title='bbox 2036 3462 2077 3488; x_wconf 84' lang='lat' dir='ltr'>eo</span> <span class='ocrx_word' id='word_1_282' title='bbox 2095 3447 2147 3488; x_wconf 85' lang='lat' dir='ltr'>de</span> <span class='ocrx_word' id='word_1_283' title='bbox 2165 3459 2320 3488; x_wconf 80' lang='lat' dir='ltr'>excess.</span> 
     </span>
     <span class='ocr_line' id='line_1_36' title="bbox 420 3518 720 3571; baseline -0.003 -13"><span class='ocrx_word' id='word_1_284' title='bbox 420 3518 596 3571; x_wconf 86' lang='lat' dir='ltr'>praelat,</span> <span class='ocrx_word' id='word_1_285' title='bbox 616 3519 663 3557; x_wconf 90' lang='lat' dir='ltr'>in</span> <span class='ocrx_word' id='word_1_286' title='bbox 683 3522 720 3558; x_wconf 91' lang='lat'>6.</span> 
     </span>
    </p>

    <p class='ocr_par' dir='ltr' id='par_1_8' title="bbox 569 3584 1625 3635">
     <span class='ocr_line' id='line_1_37' title="bbox 569 3584 1625 3635; baseline -0.003 -10"><span class='ocrx_word' id='word_1_287' title='bbox 569 3584 587 3606; x_wconf 82' lang='lat'>³</span> <span class='ocrx_word' id='word_1_288' title='bbox 620 3585 780 3625; x_wconf 83' lang='lat' dir='ltr'>Concil.</span> <span class='ocrx_word' id='word_1_289' title='bbox 803 3585 994 3626; x_wconf 87' lang='lat' dir='ltr'>Trident.</span> <span class='ocrx_word' id='word_1_290' title='bbox 1017 3585 1125 3625; x_wconf 83' lang='lat' dir='ltr'>Sess.</span> <span class='ocrx_word' id='word_1_291' title='bbox 1151 3585 1201 3623; x_wconf 83' lang='lat'>25</span> <span class='ocrx_word' id='word_1_292' title='bbox 1221 3596 1308 3635; x_wconf 83' lang='lat' dir='ltr'>cap.</span> <span class='ocrx_word' id='word_1_293' title='bbox 1333 3586 1356 3622; x_wconf 87' lang='grc'><strong>3</strong></span> <span class='ocrx_word' id='word_1_294' title='bbox 1376 3585 1422 3622; x_wconf 80' lang='lat' dir='ltr'>de</span> <span class='ocrx_word' id='word_1_295' title='bbox 1438 3585 1625 3634; x_wconf 74' lang='lat' dir='ltr'>Reqular.</span> 
     </span>
    </p>

    <p class='ocr_par' dir='ltr' id='par_1_9' title="bbox 568 3649 1945 3702">
     <span class='ocr_line' id='line_1_38' title="bbox 568 3649 1945 3702; baseline -0.002 -11"><span class='ocrx_word' id='word_1_296' title='bbox 568 3651 588 3673; x_wconf 71' lang='lat'><strong>⁴</strong></span> <span class='ocrx_word' id='word_1_297' title='bbox 620 3651 797 3693; x_wconf 84' lang='lat' dir='ltr'>Constit.</span> <span class='ocrx_word' id='word_1_298' title='bbox 827 3654 1027 3693; x_wconf 71' lang='lat' dir='ltr'>Romanus</span> <span class='ocrx_word' id='word_1_299' title='bbox 1039 3650 1233 3700; x_wconf 41' lang='lat' dir='ltr'>&amp;ntifex</span> <span class='ocrx_word' id='word_1_300' title='bbox 1250 3649 1370 3689; x_wconf 90' lang='lat' dir='ltr'>XIII</span> <span class='ocrx_word' id='word_1_301' title='bbox 1388 3650 1528 3690; x_wconf 86' lang='lat' dir='ltr'>kalen.</span> <span class='ocrx_word' id='word_1_302' title='bbox 1551 3649 1808 3702; x_wconf 87' lang='lat' dir='ltr'>Septembris</span> <span class='ocrx_word' id='word_1_303' title='bbox 1830 3651 1945 3688; x_wconf 83' lang='lat'>1624.</span> 
     </span>
    </p>
   </div>
  </div>
 </body>
</html>
