2534 4374
471 419 598 479 296
1033 437 1194 479 CONC.
1244 437 1412 478 PRov.
1458 436 1680 478 wns'rM.
1726 438 1803 479 iv.

470 584 539 634 sit
558 602 693 636 unus
708 603 832 654 grex
849 586 946 636 sub
960 602 1066 635 uno
1083 602 1289 634 summo
1304 592 1526 651 pastore.
1573 586 1718 636 Haec
1735 591 1814 636 est
1830 586 2118 638 catholicae
2134 587 2373 640 veritatis

460 670 727 732 doctrina,
753 688 783 719 a
809 686 914 736 qua
938 670 1163 731 deviare,
1185 669 1325 718 salva
1349 669 1454 718 fide
1473 674 1633 735 atque
1659 670 1846 733 salute,
1870 687 2025 722 nemo
2049 677 2239 739 potest.

613 756 845 805 Tantum
882 759 1063 804 autem
1100 754 1264 816 abest,
1303 758 1368 804 ut
1403 754 1530 805 haec
1570 755 1777 806 Summi
1811 756 2087 808 Pontificis
2139 762 2372 826 potestas

469 839 665 890 officiat
692 840 984 890 ordinariae
1024 856 1085 888 ac
1128 840 1469 890 immediatae
1513 840 1594 890 illi
1639 841 1948 908 episcopalis
1983 841 2371 909 jurisdictionis

469 926 743 991 potestati,
768 943 872 992 (1113
897 926 1164 992 Episcopi,
1190 925 1284 991 qui
1314 925 1478 991 positi
1511 942 1542 975 a
1576 927 1779 992 Spiritu
1821 926 2014 978 Sancto
2052 929 2109 978 in
2149 927 2372 995 Aposto-

470 1010 639 1061 lorum
664 1011 840 1060 locum
866 1015 1236 1072 successerunt,
1261 1015 1536 1077 tamquam
1561 1012 1670 1060 veri
1695 1016 1925 1078 pastores
1956 1010 2246 1082 assignatos
2270 1012 2371 1063 sibi

460 1112 669 1162 greges,
704 1097 902 1163 singuli
939 1095 1187 1164 singulos,
1213 1101 1440 1163 pascunt
1465 1101 1519 1146 01
1544 1103 1753 1164 regunt,
1779 1103 1843 1146 ut
1868 1099 2050 1148 eadem
2075 1115 2107 1148 a
2131 1113 2374 1164 supremo

468 1185 526 1230 01
543 1182 824 1231 universali
851 1182 1064 1231 Pastore
1089 1185 1362 1244 asseratur,
1380 1182 1647 1231 roboretur
1671 1199 1731 1231 30
1757 1183 2068 1245 vindicetur,
2087 1183 2373 1233 secundum

473 1266 607 1316 illud
634 1267 803 1316 sancti
832 1267 1071 1334 Gregorii
1098 1266 1316 1335 Magni:
1363 1272 1394 1296 ‘⁶
1411 1267 1564 1317 Meus
1590 1268 1753 1318 honor
1775 1273 1856 1318 est
1879 1268 2042 1318 honor
2066 1267 2373 1318 universalis

472 1352 752 1402 Ecclesiae.
827 1352 982 1403 Meus
1007 1352 1168 1402 honor
1193 1357 1273 1402 est
1299 1353 1519 1402 fratrum
1545 1370 1780 1403 meorum
1807 1353 2002 1403 solidus
2028 1355 2190 1420 vigor.
2233 1353 2374 1402 Tum

470 1455 569 1505 ego
595 1455 710 1488 vere
735 1439 1018 1488 honoratus
1044 1455 1178 1501 sum,
1210 1455 1331 1487 cum
1375 1438 1596 1507 singulis
1635 1439 1929 1506 quibusque
1966 1439 2128 1490 honor
2164 1438 2375 1490 debitus

471 1541 576 1574 non
601 1525 890 1592 negat-ur.”¹

616 1610 775 1661 Porro
815 1627 879 1660 ex
920 1626 1162 1677 suprema
1202 1609 1296 1659 illa
1336 1609 1561 1659 Romani
1596 1609 1872 1660 Pontificis
1898 1615 2163 1678 potestate
2187 1610 2375 1680 guber-

471 1693 633 1743 nandi
658 1692 956 1743 universam
984 1692 1274 1744 Ecclesiam
1291 1693 1383 1760 jus
1406 1693 1577 1743 eidem
1601 1711 1709 1743 esse
1742 1695 2096 1762 consequitur,
2127 1695 2184 1744 in
2217 1694 2375 1762 hujus

473 1780 555 1828 sui
580 1779 814 1829 muneris
857 1778 1104 1829 exercitio
1148 1778 1308 1829 libere
1351 1778 1775 1828 communicandi
1820 1796 1943 1829 cum
1985 1780 2281 1847 pastoribus
2319 1787 2373 1830 et.

473 1865 718 1932 gregibus
744 1865 910 1914 totius
936 1863 1221 1926 Ecclesiae,
1247 1868 1312 1914 ut
1335 1864 1502 1914 iidem
1527 1864 1595 1914 ab
1620 1865 1734 1931 ipso
1760 1865 1818 1913 in
1853 1867 1938 1914 via
1978 1865 2163 1915 salutis
2203 1866 2376 1916 doceri

465 1966 533 1998 ac
573 1950 683 2015 regi
723 1950 941 2015 possint.
1017 1949 1188 2009 Quare
1227 1950 1539 1999 damnamus
1574 1966 1634 1998 30
1668 1950 2001 2016 reprobamus
2026 1949 2235 1999 illorum
2261 1966 2379 1999 sen-

474 2035 688 2097 tentiaS,
723 2037 815 2101 qui
853 2034 989 2084 hanc
1029 2035 1259 2102 supremi
1297 2036 1489 2102 capitis
1533 2052 1654 2085 cum
1698 2035 1991 2102 pastoribus
2035 2040 2090 2085 et
2131 2036 2375 2104 gregibus

473 2123 1008 2173 communicationem
1066 2122 1216 2173 licite
1265 2123 1511 2190 impediri
1562 2139 1707 2189 posse
1757 2123 1963 2185 dicunt,
2011 2127 2107 2172 aut
2156 2122 2375 2172 eandem

474 2208 702 2258 reddunt
726 2207 976 2259 saeculari
1002 2209 1255 2276 potestati
1282 2208 1580 2270 obnoxiam,
1606 2209 1683 2257 ita
1698 2212 1759 2257 111
1780 2208 2119 2270 contendant,
2143 2223 2278 2274 quae
2309 2206 2377 2256 ab

475 2293 777 2359 Apostolica
817 2292 947 2343 Sede
985 2294 1068 2343 vel
1105 2294 1219 2361 ejus
1255 2294 1573 2343 auctoritate
1606 2294 1672 2343 ad
1706 2294 1942 2361 regimen
1967 2291 2229 2342 Ecclesiae
2254 2308 2376 2342 con-

476 2380 790 2441 stituuntur,
816 2380 926 2429 vim
950 2396 1010 2429 30
1035 2378 1263 2430 valorem
1289 2394 1394 2428 non
1423 2377 1628 2440 habere,
1653 2379 1755 2429 nisi
1785 2378 2066 2446 potestatis
2099 2376 2376 2428 saecularis

476 2464 676 2530 placito
700 2464 1088 2515 confirmentur.

620 2549 695 2599 Et
718 2549 970 2616 quoniam
995 2549 1176 2600 divino
1205 2549 1513 2617 Apostolici-
1528 2550 1787 2616 primatus
1802 2549 1921 2616 jure
1946 2548 2213 2598 Romanus
2237 2546 2377 2598 Pon-

478 2636 611 2685 tifex
644 2637 915 2686 universae
950 2635 1215 2686 Ecclesiae
1247 2638 1469 2702 praeest,
1494 2635 1742 2684 docemus
1771 2634 1934 2684 etiam
1957 2637 2013 2683 01Ι
2037 2632 2376 2694 declaramus,

475 2739 601 2771 eum
627 2737 734 2770 esse
750 2720 989 2787 judicem
1016 2736 1317 2787 supremum
1340 2719 1623 2781 fidelium,²
1660 2723 1715 2769 et
1749 2719 1807 2768 in
1837 2717 2079 2768 omnibus
2109 2717 2278 2767 causis
2306 2717 2375 2766 ad

476 2824 696 2857 examen
743 2806 1155 2856 ecclesiasticum
1205 2805 1563 2873 spectantibus
1610 2806 1678 2855 ad
1720 2805 1884 2872 ipsius
1925 2821 2071 2871 posse
2104 2804 2372 2871 judicium

478 2892 668 2942 recurri
686 2891 729 2950 33
776 2890 925 2941 Sedis
963 2907 1082 2941 vero
1118 2890 1468 2958 Apostolicae,
1505 2890 1654 2957 cujus
1690 2890 2011 2939 auctoritate
2053 2884 2219 2955 major
2267 2904 2374 2938 non

478 2983 576 3038 est,
604 2976 874 3043 judicium
917 2992 949 3025 a
985 2977 1193 3025 nemine
1230 2975 1335 3024 fore
1371 2975 1780 3038 retractandum,
1817 2990 1988 3040 neque
2024 2974 2270 3040 cuiquam
2307 2973 2374 3023 de

470 3064 593 3130 ejus
635 3062 790 3112 licere
826 3061 1064 3128 judicare
1097 3061 1343 3129 judicio.4
1412 3059 1577 3120 Quare
1619 3077 1651 3109 a
1694 3064 1835 3109 recto
1877 3059 2115 3109 veritatis
2157 3058 2373 3108 tramite

476 3150 735 3210 aberrant,
777 3148 871 3215 qui
913 3147 1192 3210 affirmant,
1235 3147 1391 3196 licere
1433 3146 1499 3195 ab
1533 3145 1755 3213 judiciis
1794 3144 2146 3195 Romanorum
2187 3143 2374 3194 Ponti-

468 3235 640 3284 ‘ficum
684 3234 752 3283 ad
792 3232 1189 3284 oecumenicum
1234 3230 1531 3282 Concilium
1575 3235 1849 3296 tamquam
1891 3230 1959 3279 ad
2001 3229 2372 3279 auctoritatem

480 3320 718 3370 Romano
744 3317 1003 3369 Pontifice
1029 3317 1341 3384 superiorem
1366 3316 1644 3383 appellare.

822 3457 838 3480 ¹
861 3457 942 3510 Ep.
963 3458 1018 3497 ad
1034 3457 1186 3509 Eulog.
1207 3456 1484 3497 Alexandr-in.
1506 3457 1535 3496 1.
1558 3456 1689 3496 VIII.
1712 3469 1777 3507 ep.
1798 3469 1899 3494 xxx.

821 3523 839 3546 ¹
862 3523 932 3563 Pii
950 3523 1036 3562 PP.
1058 3523 1139 3562 VI.
1163 3523 1311 3573 Breve,
1335 3522 1470 3575 Super
1487 3521 1711 3572 soliditate,
1735 3523 1786 3561 28
1804 3521 1933 3572 Now,
1959 3521 2075 3563 1786.

820 3589 840 3612 ⁸
863 3589 1022 3630 Concil.
1045 3589 1215 3629 Oecum.
1238 3588 1435 3640 Lugdun.
1454 3588 1520 3628 ΙΙ.

819 3656 840 3677 ⁴
861 3655 942 3707 Ep.
965 3655 1006 3695 S.
1027 3654 1194 3695 Nicolai
1212 3655 1250 3694 Ι.
1273 3655 1327 3695 3ᾱ
1343 3654 1592 3694 Michaelem
1611 3655 1926 3706 Imperatorem.
