2534 4374
1159 484 1429 527 naemu.
2197 472 2235 527 5

496 637 543 686 1.
595 633 779 686 Prima
823 634 991 703 igitur
1031 635 1207 683 nostra
1247 631 1526 683 solicitudo
1552 633 1622 683 sit
1655 631 1720 683 de
1753 648 2028 699 puerorum
2054 634 2242 685 educa-

348 722 498 774 tione
539 719 881 788 procuranda.
956 718 1259 770 Sacerdotes
1298 717 1515 768 Domini
1554 717 1815 785 imprimis
1854 718 2138 781 hortamur,
2181 725 2244 769 ut

349 806 550 859 scholas
592 822 810 856 numero
853 820 1130 872 puerorum
1172 807 1228 853 et
1266 801 1558 870 puellarum
1603 802 1660 853 in
1703 819 1795 853 sua
1842 804 2241 872 congregatione

352 892 669 945 sufficientes
712 891 937 960 erigant,
979 889 1063 941 vel
1107 889 1151 940 si
1185 888 1302 956 jam
1341 893 1541 939 erectae
1581 889 1708 940 satis
1741 888 1948 956 amplae
1980 906 2084 940 non
2118 891 2241 952 sint,

350 982 599 1047 augeant,
642 994 734 1029 seu
777 975 1157 1044 multiplicent.
1233 973 1438 1025 Fideles
1481 974 1676 1041 pariter
1712 990 1804 1042 per
1828 974 2020 1025 viscera
2045 975 2243 1025 miseri-

351 1063 559 1115 cordiae
582 1061 618 1113 J
620 1079 711 1113 esu
737 1060 931 1113 Christi
960 1076 1231 1128 precamur
1268 1064 1325 1111 et
1360 1059 1735 1127 supplicamus,
1761 1064 1824 1110 ut
1862 1060 1919 1110 in
1958 1061 2054 1110 hoc
2093 1076 2243 1127 opere

353 1147 642 1200 sacerdotes
667 1146 940 1214 adjuvent,
964 1161 1087 1196 cum
1125 1144 1273 1195 nullo
1315 1145 1470 1195 modo
1512 1145 1700 1196 melius
1743 1145 1861 1207 sibi,
1903 1161 2074 1195 coram
2116 1143 2240 1206 De0,

353 1232 621 1285 consulere
658 1234 927 1299 poterunt,
959 1246 1121 1297 quam
1163 1230 1495 1297 parvulorum
1520 1232 1577 1282 in
1602 1231 1706 1282 fide
1730 1237 1786 1283 et
1810 1232 2008 1299 pietate
2033 1231 2245 1281 institu-

355 1318 558 1369 tionem
583 1316 951 1384 promovendo.
1026 1316 1092 1366 In
1124 1315 1266 1367 hisce
1309 1315 1497 1367 scholis
1540 1316 1778 1367 doctrina
1820 1314 2131 1376 Christiana,
2155 1331 2246 1365 seu

354 1403 706 1455 catechismus
753 1401 1089 1470 approbatus,
1138 1400 1380 1452 omnibus
1429 1399 1702 1452 catholicis
1752 1400 2024 1459 tradatur3
2079 1415 2247 1466 neque

355 1488 589 1541 sacerdos
631 1486 768 1549 aliis,
810 1485 1052 1552 quamvis
1093 1484 1331 1552 alioquin
1372 1484 1522 1535 bonis
1564 1490 1619 1535 et
1661 1484 1933 1553 religiosis,
1972 1484 2113 1545 viris,
2151 1482 2248 1533 hoc

355 1573 589 1625 officium
630 1571 710 1621 ita
752 1570 1076 1632 committat,
1117 1574 1182 1620 ut
1223 1569 1336 1637 ipse
1384 1569 1590 1636 saepius
1638 1568 1837 1620 scholas
1884 1585 1986 1619 non
2036 1568 2249 1628 invisat,

354 1662 414 1712 et
446 1657 641 1709 teneris
679 1656 955 1724 juniorum
1003 1654 1197 1706 animis
1243 1670 1394 1705 verae
1440 1653 1564 1706 fidei
1611 1658 1668 1706 et
1717 1654 1933 1722 pietatis
1987 1652 2249 1720 principia

354 1744 609 1796 insinuet.

500 1857 552 1905 2.
603 1853 879 1906 Obsistant
920 1853 1228 1915 sacerdotes,
1252 1853 1397 1903 omni
1430 1868 1535 1919 quo
1566 1851 1696 1902 licet
1719 1851 1893 1914 modo,
1916 1849 2250 1901 inimicorum

342 1941 652 2003 ›conatibuffi
699 1940 891 2007 quibus
937 1940 1186 1991 nituntur
1223 1937 1509 1989 catholicos
1551 1938 1810 1999 seducere,
1852 1940 1918 1986 nt
1958 1935 2142 1986 liberos
2184 1936 2250 1986 ad

358 2026 558 2079 scholas
580 2025 920 2077 heterodoxas
952 2024 1193 2075 mittant.
1268 2022 1435 2090 Saepe
1469 2023 1609 2073 inter
1643 2021 2053 2090 praedicandum
2088 2023 2251 2088 agant

358 2113 424 2164 de
447 2112 760 2163 necessitate
783 2110 926 2173 fidei,
950 2110 1016 2161 de
1039 2113 1321 2177 parentum
1345 2109 1404 2159 in
1435 2108 1571 2160 filios
1607 2107 1809 2170 officiiS,
1846 2107 2015 2174 deque
2050 2105 2252 2155 ratione

359 2196 472 2249 Deo
488 2197 548 2247 in
572 2195 813 2247 districto
838 2212 931 2247 suo
946 2195 1155 2264 judicio
1178 2195 1459 2257 reddenda,
1483 2195 1527 2244 si
1552 2194 1782 2261 ipsorum
1806 2191 1962 2259 culpa
1986 2191 2250 2258 perierint.

363 2281 468 2334 Sed
490 2282 769 2350 praecipue
801 2282 861 2331 in
903 2296 1045 2332 sacro
1083 2279 1337 2332 tribunali
1378 2295 1465 2331 eos
1505 2278 1573 2330 ab
1611 2278 1778 2345 impio
1819 2277 2113 2328 animarum
2152 2275 2252 2326 sibi

362 2367 681 2419 creditarum
706 2366 1021 2417 commercio
1045 2365 1356 2428 deterreant,
1382 2368 1655 2415 monentes
1687 2379 1847 2431 quam
1883 2362 2071 2413 acriter
2112 2359 2253 2410 Deus

362 2469 455 2521 per
477 2451 790 2520 prophetam
813 2451 873 2501 in
909 2450 1071 2502 Israel
1105 2450 1277 2501 minas
1313 2449 1676 2513 intentaverit,
1700 2463 1758 2499 eo
1783 2444 1924 2516 quod
1945 2442 2255 2497 vendiderit

339 2553 470 2607 pro
492 2540 719 2603 aryento
733 2535 978 2604 justum,
1003 2539 1052 2587 et
1068 2551 1380 2605 pauperem
1405 2551 1516 2605 pro
1549 2530 1922 2586 calceamentis
1955 2532 2149 2601 (Amos
2173 2542 2254 2593 11.,

365 2621 462 2692 6);
521 2626 721 2690 quanto
780 2621 952 2689 magis
1006 2619 1138 2690 (ipsi
1185 2625 1327 2672 recte
1373 2616 1904 2690 argumentabuntur)
1951 2616 2255 2685 parentibus

363 2709 634 2770 irascetur,
682 2706 777 2774 qui
822 2723 917 2774 pro
963 2706 1218 2769 mercede,
1265 2704 1350 2756 vel
1396 2722 1490 2772 pro
1537 2704 1769 2755 vestibus
1817 2703 1918 2753 sibi
1977 2706 2072 2752 aut
2130 2700 2255 2750 filiis

365 2792 641 2855 donandiS‚
678 2791 880 2860 prolem
918 2792 987 2843 ad
1029 2791 1228 2843 scholas
1265 2790 1599 2853 acatholicaS‚
1635 2805 1758 2839 cum
1795 2786 2026 2856 periculo
2069 2786 2254 2837 saltem

363 2876 762 2929 labefactandae
809 2875 954 2939 fidei,
1001 2892 1108 2927 non
1158 2875 1411 2926 dubitant
1468 2874 1698 2925 mittere.
1794 2872 2045 2923 Excitent
2092 2871 2255 2921 etiam

368 2961 541 3013 zelum
565 2961 962 3024 catholicorum,
986 2960 1082 3029 qui
1111 2959 1459 3027 eleemosynas
1484 2957 1741 3025 copiosius
1766 2955 2080 3024 elargiendo,
2105 2971 2255 3023 saepe

366 3050 609 3115 parentes
632 3045 953 3097 miserabiles
977 3046 1046 3096 ab
1069 3045 1168 3096 hoc
1193 3044 1378 3096 scelere
1402 3047 1651 3111 poterunt
1676 3040 1929 3092 cohibere.

477 3150 528 3200 3.
577 3148 791 3199 Praeter
814 3147 1156 3198 traditionem
1190 3145 1496 3197 catechismi
1534 3162 1668 3212 quae
1708 3142 1949 3211 quotidie
1986 3142 2044 3192 in
2069 3140 2256 3192 scholis

368 3231 453 3297 fit,
475 3234 659 3301 quavis
683 3233 770 3284 die
794 3231 1091 3295 Dominica,
1115 3232 1326 3299 publice
1351 3232 1408 3281 in
1433 3230 1649 3281 ecclesia
1673 3229 1926 3279 habeatur
1956 3226 2257 3289 catechesiS‚

368 3319 431 3369 in
454 3335 560 3386 qua
594 3318 844 3387 mysteria
879 3317 1023 3381 fidei,
1047 3317 1165 3381 Dei,
1190 3316 1553 3383 Ecclesiaeque
1591 3317 1882 3382 praecepta,
1924 3315 1980 3362 et
2021 3311 2257 3362 doctrina

364 3402 828 3475 Sacramentorum
852 3404 1008 3472 plane
1031 3406 1088 3454 et
1110 3406 1289 3470 aperte
1314 3401 1657 3468 explicentur.
1713 3398 1786 3448 Et
1810 3397 2023 3465 quidem
2049 3396 2257 3446 studeat

352 3489 620 3552 ‘sacerdoffi
634 3493 699 3540 ut
722 3489 853 3539 dum
877 3489 945 3540 ad
969 3487 1302 3556 parvulorum
1326 3490 1541 3553 captum
1566 3500 1619 3534 se
1643 3482 1892 3544 dimittit,
1907 3481 2060 3532 verba
2077 3486 2254 3531 tamen

370 3573 659 3625 scientibus
699 3590 806 3626 non
849 3590 1061 3624 onerosa
1084 3572 1344 3640 proferat3
1381 3570 1491 3621 imo
1515 3568 1774 3638 gravitate
1798 3565 2011 3632 eloquii,
2035 3564 2256 3632 copiosis

368 3662 429 3709 et
451 3659 592 3727 aptis
617 3675 789 3710 sacrae
814 3657 1114 3726 Scripturae
1137 3657 1281 3717 lociS,
1305 3660 1361 3706 et
1383 3653 1633 3721 exemplis
1665 3655 1978 3713 sanctorum,
2003 3649 2255 3700 concinne

349 3745 438 3795 2ad
462 3745 870 3796 illustrationem
895 3743 1147 3794 sermonis
1178 3740 1371 3804 allatis,
1404 3740 1566 3791 etiam
1598 3736 1805 3788 adultos
1836 3736 1904 3786 ad
1936 3734 2257 3785 audiendum

351 3833 429 3880 wet
451 3830 758 3882 discendum
782 3830 1019 3881 inducat.
