2534 4374
883 452 1127 496 APPEND.
1173 453 1301 495 x111.
1908 438 2030 502 317

143 603 202 655 in
243 602 426 654 mixtis
468 600 731 668 conjugiis
774 599 1141 651 contrahendis
1184 599 1387 650 tolerari
1435 617 1581 667 posse
1625 600 1941 668 perhibetur,
1985 603 2033 651 id

144 689 323 735 tamen
360 682 570 733 nonnisi
608 699 701 749 per
740 682 957 732 modum
997 682 1321 749 exceptionis
1359 682 1679 751 indulgetur,
1704 700 1763 733 ac
1799 684 1895 733 sub
1918 702 2038 733 con-

142 768 347 820 ditione
381 770 448 817 ut
487 764 683 817 omnia
721 782 931 829 reram,
971 764 1218 818 locorum
1257 782 1320 817 ac
1351 783 1728 834 personarum
1771 766 2037 834 ‹ul-jamela

146 848 574 919 diliyentissime
625 849 1077 919 perpendantur,
1127 855 1289 919 atque
1350 857 1578 904 onerata
1634 852 2037 922 Jspiswpmmm

144 935 481 992 oomcientw
536 953 708 1005 super
764 936 1025 988 omnium
1081 937 1639 991 circmraeumtwmm
1697 940 1919 992 vmmte
1977 958 2040 991 ιω

141 1020 430 1092 gravitate.
504 1022 739 1072 Tantum
779 1022 927 1073 abest
966 1027 1030 1073 ut
1068 1023 1202 1073 inibi
1244 1025 1533 1091 principiis,
1563 1042 1696 1092 quae
1723 1027 1877 1076 Sedes
1903 1027 2039 1093 Apo-

148 1108 332 1161 stolica
367 1109 503 1159 circa
538 1108 709 1158 mixta
751 1108 1013 1159 connubia
1050 1110 1234 1176 quovis
1277 1114 1510 1176 tempore
1554 1111 1778 1177 professa
1819 1118 1916 1174 est,
1961 1111 2039 1161 vel

147 1195 432 1246 minimum
456 1192 778 1244 detrahatur.

291 1277 639 1340 Quamobrem
664 1278 816 1328 enixe
840 1283 964 1345 peto
997 1294 1029 1329 a
1061 1278 1319 1330 charitate
1356 1285 1468 1341 tua,
1505 1285 1583 1343 ut,
1621 1287 1878 1348 quantum
1919 1298 2040 1332 cum

149 1366 376 1418 Domino
423 1363 636 1432 poteriS,
678 1362 857 1414 fideles
907 1363 1008 1414 tibi
1052 1365 1354 1414 commissos
1398 1382 1429 1414 a
1472 1367 1652 1415 mixtis
1695 1368 2043 1418 matrimoniis

149 1449 518 1504 contrahendis
559 1465 729 1499 arcere
777 1452 983 1516 satagas
1031 1452 1191 1515 atque
1240 1450 1540 1512 contendas,
1587 1468 1691 1517 quo
1739 1453 2043 1518 gravissima

145 1552 285 1606 quae
324 1535 383 1586 in
424 1534 491 1585 iis
532 1533 870 1584 continentur
910 1533 1143 1599 pericula
1183 1540 1589 1600 praecaveantur
1626 1552 1686 1585 ac
1725 1536 2042 1587 devitentur.

151 1623 218 1674 Id
241 1624 423 1673 autem
447 1619 656 1670 facilius
680 1617 981 1685 assequeriS,
1007 1618 1050 1668 si
1081 1635 1165 1668 eos
1199 1624 1491 1685 opportune
1531 1620 1861 1669 instruendos
1900 1636 2045 1670 cura-

150 1707 300 1771 veris„
349 1706 486 1756 circa
540 1703 857 1772 peculiarem
906 1720 1010 1771 qua
1059 1707 1305 1753 tenentur
1353 1703 1731 1771 obligationem
1784 1705 2044 1754 Ecclesiae

151 1809 332 1844 vocem
355 1791 454 1843 hac
479 1791 538 1841 in
561 1807 616 1841 re
644 1788 914 1852 audiendi,
938 1806 1034 1839 nec
1073 1805 1179 1839 non
1218 1789 1538 1856 obsequendi
1577 1790 1884 1856 praepositis
1924 1791 2046 1851 suis,

145 1878 244 1946 qui
292 1875 681 1929 strictissimam
723 1879 933 1924 aeterno
976 1874 1255 1924 Pastorum
1298 1873 1535 1941 Principi
1578 1875 1834 1924 rationem
1878 1881 2047 1924 essent,

53 2008 59 2013 ,
150 1963 406 2015 reddituri
454 1962 499 2012 si
547 1960 887 2041 matrimonia
935 1960 1123 2023 mixta,
1171 1975 1278 2010 non
1326 1963 1540 2009 tantum
1595 1959 1662 2009 ob
1720 1960 2049 2027 gravissimas

147 2065 331 2100 causas
378 2047 662 2115 aliquando
710 2046 1095 2113 permitterent,
1143 2061 1326 2095 verum
1373 2045 1536 2094 etiam
1586 2043 1737 2094 facile
1779 2050 1938 2111 atque
1980 2044 2046 2092 ad

153 2133 450 2202 petentium
493 2132 712 2183 libitum
752 2147 786 2182 a
827 2129 1071 2180 fidelibus
1113 2129 1352 2180 contrahi
1395 2146 1517 2179 cum
1567 2127 1872 2179 acatholicis
1920 2128 2048 2178 tole-

262 2223 342 2271 nt.

152 2237 263 2271 me
295 2305 485 2357 Precor
508 2304 681 2355 Deum
705 2306 769 2353 ut
793 2302 869 2353 Te
892 2301 987 2351 diu
1012 2300 1261 2368 sospitem
1288 2303 1454 2350 servet
1477 2299 1914 2366 incolumemque.

294 2390 495 2441 Datum
533 2388 732 2439 Romae
767 2403 831 2438 ex
866 2386 996 2436 Aed.
1031 2384 1085 2437 S.
1121 2384 1178 2436 G.
1205 2386 1271 2436 de
1296 2385 1450 2452 Prop.
1477 2384 1613 2435 Fide
1638 2385 1724 2435 die
1750 2388 1816 2435 25
1844 2385 2049 2447 Martii,

156 2475 313 2528 1868.

1158 2582 1268 2635 AL.
1308 2581 1512 2633 CARD.
1552 2581 1906 2645 BARNABO,

1548 2693 1823 2753 Praefectus.

1259 2841 1511 2894 JOANNES
1547 2838 1803 2901 SIMEONI,
1837 2836 1979 2891 Secia

153 3045 224 3097 R.
249 3045 311 3097 P.
337 3044 402 3095 D.
427 3042 668 3112 Archiep.
694 3036 1255 3091 Westmonasteriensi.
