2534 4374
468 390 594 451 260
1038 409 1200 453 cono.
1245 409 1412 452 PRov.
1457 409 1682 452 wns'rM.
1727 410 1804 451 1v.

595 553 739 604 Dum
765 571 885 605 vero
910 555 966 604 id
991 558 1190 605 temere
1215 552 1499 614 affirmant,
1524 550 1669 602 haud
1694 553 1934 620 cogitant
1961 556 2016 604 et
2040 552 2373 604 considerant

462 638 602 704 quod
640 636 941 690 libertatem
971 635 1317 706 perditionis
1339 637 1358 667 1
1397 636 1720 703 praedicant,
1747 641 1804 688 et
1826 638 1968 705 quod
2011 637 2100 689 “si
2123 638 2371 689 humanis

462 723 882 789 persuasionibus
923 739 1128 789 semper
1170 723 1463 788 disceptare
1503 721 1575 772 sit
1612 721 1856 786 liberum,
1881 739 2154 790 nunquam
2195 723 2372 774 deesse

462 812 729 874 poterunt,
750 809 843 875 qui
862 808 1077 859 veritati
1096 808 1330 858 audeant
1347 806 1617 871 resultare,
1635 812 1691 858 et
1709 808 1775 858 de
1792 807 2054 859 humanae
2079 807 2372 875 sapientiae

461 893 783 959 loquacitate
809 891 1084 955 confidere,
1110 909 1234 942 cum
1266 891 1403 942 hanc
1428 892 1862 944 nocentissimam
1886 895 2180 945 vanitatem
2204 908 2374 960 quan-

462 982 581 1027 tum
606 977 796 1027 debeat
831 976 962 1027 fides
994 979 1050 1026 et
1084 975 1347 1043 sapientia
1379 975 1667 1028 christiana
1691 978 1876 1041 vitare,
1919 995 1982 1029 ex
2015 979 2128 1046 ipsa
2153 977 2371 1028 Domini

461 1063 627 1112 nostri
662 1061 699 1112 J
700 1078 792 1111 esu
830 1059 1027 1112 Christi
1052 1061 1394 1113 institutione
1418 1060 1778 1131 cognoscat.”²
1847 1063 1921 1113 Et
1944 1064 2197 1131 quoniam
2220 1062 2316 1114 ubi
2339 1079 2372 1113 a

460 1147 605 1197 civili
627 1146 879 1197 societate
898 1147 1006 1196 fuit
1023 1153 1204 1199 amota
1218 1147 1423 1216 religi0,
1438 1165 1499 1198 ac
1518 1147 1796 1214 repudiata
1810 1148 2022 1199 divinae
2036 1146 2370 1198 revelationis

462 1234 700 1283 doctrina
742 1237 799 1283 et
841 1233 1146 1297 auctoritas,
1189 1233 1274 1284 vel
1313 1234 1429 1300 ipsa
1471 1248 1720 1302 germana
1753 1232 2003 1300 justitiae
2045 1233 2371 1300 humanique

458 1319 587 1386 juris
612 1319 761 1368 notio
786 1317 1018 1368 tenebris
1051 1318 1357 1368 obscuratur
1381 1321 1437 1368 et
1461 1318 1754 1381 amittitur,
1778 1321 1939 1385 atque
1962 1319 2021 1368 in
2045 1334 2192 1368 verae
2207 1317 2372 1385 justi·

460 1405 567 1454 tiae
610 1404 947 1472 legitimique
982 1405 1120 1472 juris
1160 1403 1338 1454 locum
1381 1401 1671 1453 materialis
1720 1401 2064 1454 substituitur
2104 1402 2203 1466 viS,
2245 1403 2371 1454 inde

459 1489 646 1556 liquet,
673 1506 765 1539 cur
788 1489 1052 1551 nonnulli,
1077 1489 1381 1539 certissimis
1406 1503 1561 1538 sanae
1585 1486 1804 1538 rationis
1842 1487 2117 1555 principiis
2154 1489 2371 1556 penitus

458 1571 717 1640 neglectis
779 1570 1218 1638 posthabitisque,
1286 1570 1519 1620 audeant
1586 1569 1930 1633 conclamare,
1996 1570 2370 1622 “voluntatem

459 1656 644 1724 populi
668 1657 900 1723 publica,
925 1673 1086 1723 quam
1121 1655 1328 1718 dicunt,
1354 1655 1603 1722 opinione
1631 1655 1717 1705 vel
1750 1654 1856 1704 alia
1888 1656 2091 1706 ratione
2123 1656 2372 1708 manifes-

460 1746 632 1792 tatam
658 1742 977 1792 constituere
1013 1758 1311 1809 supremam
1344 1740 1522 1810 legem
1555 1741 1624 1792 ab
1656 1740 1803 1791 omni
1829 1741 2009 1791 divino
2034 1741 2371 1811 humanoque

456 1827 572 1894 jure
598 1827 844 1890 solutam,
865 1828 998 1878 etin
1017 1822 1196 1876 ordine
1213 1826 1436 1893 politico
1454 1826 1597 1876 facta
1615 1829 1998 1889 consummata,
2017 1843 2078 1876 eo
2094 1827 2210 1894 ipso
2228 1828 2370 1895 quod

459 1915 828 1963 consummata
862 1915 1005 1974 sunt,
1030 1911 1143 1961 vim
1167 1911 1306 1979 juris
1340 1909 1576 1962 habere.”
1648 1911 1848 1962 Verum
1872 1912 2050 1979 ecquis
2073 1929 2181 1963 non
2204 1913 2370 1975 videt,

458 1998 720 2066 planeque
745 1999 925 2061 sentit,
949 1997 1228 2048 hominum
1254 1997 1559 2048 societatem
1583 1997 1852 2066 religionis
1876 2013 1938 2047 ac
1956 2014 2106 2048 verae
2121 1998 2371 2066 justitiae

459 2080 685 2131 vinculis
712 2079 941 2130 solutam
965 2079 1175 2130 nullum
1200 2079 1348 2130 aliud
1371 2079 1607 2147 profecto
1638 2079 1968 2147 propositum
1993 2079 2182 2130 habere
2204 2097 2369 2147 posse,

459 2166 564 2216 nisi
596 2183 814 2233 scopum
854 2165 1193 2231 comparandi
1236 2164 1653 2232 cumulandique
1695 2181 1837 2232 opeS,
1860 2164 2166 2232 nullamque
2205 2165 2369 2216 aliam

460 2254 516 2301 in
537 2253 645 2302 suis
665 2251 965 2302 actionibus
984 2250 1157 2318 legem
1177 2251 1338 2317 sequi,
1360 2250 1466 2300 nisi
1484 2250 1807 2302 indomitam
1826 2251 1995 2302 animi
2014 2250 2369 2318 cupiditatem

459 2337 777 2388 inserviendi
801 2336 1024 2403 propriis
1048 2335 1414 2402 voluptatibus
1439 2340 1495 2386 et
1520 2320 1843 2387 commodis?

603 2422 895 2489 Eapropter
929 2421 1234 2488 hujusmodi
1260 2421 1501 2472 homines
1538 2422 1722 2472 acerbo
1749 2439 1871 2473 sane
1895 2422 2017 2473 odio
2041 2421 2370 2473 insectantur

461 2507 752 2575 Religiosas
778 2506 1051 2569 Familias,
1076 2506 1320 2574 quamvis
1344 2507 1410 2557 de
1433 2522 1489 2557 re
1513 2505 1817 2570 christiana,
1841 2508 2006 2571 civili,
2024 2524 2085 2558 ac
2109 2507 2384 2559 litteraria-

460 2607 786 2658 summopere
804 2590 1038 2652 meritas,
1057 2594 1114 2641 et
1130 2591 1395 2641 blaterant
1413 2592 1623 2642 easdem
1641 2593 1847 2643 nullam
1863 2593 2052 2643 habere
2067 2588 2368 2662 legitimam

456 2676 720 2728 existendi
744 2676 1021 2739 rationem,
1047 2680 1206 2743 atque
1231 2677 1310 2726 ita
1334 2675 1718 2728 haereticorum
1743 2678 2061 2730 commentis
2084 2678 2366 2745 plaudunt.

461 2766 601 2816 Nam
649 2768 714 2814 ut
764 2765 1150 2832 sapientissime
1197 2782 1300 2816 rec.
1349 2782 1510 2816 mem.
1560 2765 1691 2817 Pius
1738 2767 1835 2817 VI.
1885 2765 2131 2817 Decessor
2178 2766 2369 2817 Noster

460 2851 697 2912 docebat,
726 2849 1090 2918 “regularium
1109 2849 1330 2900 abolitio
1355 2849 1522 2901 laedit
1546 2854 1749 2901 statum
1767 2851 2012 2919 publicae
2035 2851 2368 2919 professionis

458 2935 799 2986 consiliorum
829 2933 1267 3002 evangelicorum,
1293 2934 1462 2984 laedit
1493 2935 1707 2986 vivendi
1739 2937 2001 2986 rationem
2029 2936 2089 2986 in
2129 2935 2367 2987 Ecclesia

461 3020 886 3071 commendatam
935 3024 1210 3087 tamquam
1248 3019 1583 3086 Apostolicae
1625 3021 1895 3072 doctrinae
1944 3024 2366 3084 consentaneam,

460 3105 628 3155 laedit
651 3105 792 3171 ipsos
815 3104 1050 3172 insignes
1083 3104 1402 3168 fundatores,
1429 3122 1558 3172 quos
1586 3122 1741 3173 super
1764 3105 2018 3156 altaribus
2042 3122 2367 3168 veneramur,

458 3190 554 3258 qui
579 3190 789 3239 nonnisi
815 3205 847 3238 a
871 3188 983 3238 Deo
1007 3188 1254 3254 inspirati
1279 3205 1366 3239 eas
1390 3189 1782 3239 constituerunt
1806 3188 2128 3240 societateS.”
2149 3188 2171 3220 3

604 3276 783 3341 Atque
808 3275 973 3324 etiam
999 3274 1166 3340 impie
1198 3275 1565 3340 pronuntiant,
1589 3275 1928 3324 auferendam
1951 3290 2059 3323 esse
2083 3273 2287 3324 civibus
2310 3276 2368 3324 et

461 3361 727 3412 Ecclesiae
742 3359 1070 3422 facultatem,
1096 3363 1129 3390 ‘⁶
1140 3375 1245 3426 qua
1258 3359 1609 3427 eleemosynas
1629 3357 1945 3409 christianae
1959 3358 2196 3409 caritatis
2211 3375 2367 3409 causa

1082 3492 1100 3515 ¹
1119 3488 1162 3529 S.
1183 3488 1298 3540 Aug.
1320 3487 1459 3540 Epist.
1479 3490 1554 3528 105
1572 3488 1627 3528 al.
1653 3490 1742 3528 166.

931 3573 948 3583 -
968 3559 1010 3601 S.
1035 3551 1124 3600 L'eo
1141 3559 1278 3611 Epist.
1301 3561 1377 3598 164
1395 3559 1451 3599 al.
1477 3561 1552 3599 133
1575 3559 1593 3612 ρ
1615 3561 1652 3598 2.
1673 3558 1773 3599 edit.
1795 3557 1905 3599 Bau.

782 3632 799 3655 ⁴
815 3627 952 3679 Epist.
973 3626 1029 3667 ad
1047 3626 1168 3668 Oard.
1190 3626 1243 3667 de
1263 3626 1307 3666 la
1325 3624 1682 3677 Rochefoucauld,
1709 3627 1758 3665 10
1777 3624 1940 3675 Martii,
1965 3625 2082 3668 1791.
