<?xml version="1.0" encoding="UTF-8"?>
<!DOCTYPE html PUBLIC "-//W3C//DTD XHTML 1.0 Transitional//EN"
    "http://www.w3.org/TR/xhtml1/DTD/xhtml1-transitional.dtd">
<html xmlns="http://www.w3.org/1999/xhtml" xml:lang="en" lang="en">
 <head>
  <title>
</title>
<meta http-equiv="Content-Type" content="text/html;charset=utf-8" />
  <meta name='ocr-system' content='tesseract 3.04.00' />
  <meta name='ocr-capabilities' content='ocr_page ocr_carea ocr_par ocr_line ocrx_word'/>
</head>
<body>
  <div class='ocr_page' id='page_1' title='image "a613744800cathuoft_0081.png"; bbox 0 0 2534 4374; ppageno 0'>
   <div class='ocr_carea' id='block_1_1' title="bbox 973 449 2076 512">
    <p class='ocr_par' dir='ltr' id='par_1_1' title="bbox 973 449 2076 512">
     <span class='ocr_line' id='line_1_1' title="bbox 973 449 2076 512; baseline 0.003 -3"><span class='ocrx_word' id='word_1_1' title='bbox 973 464 1220 511; x_wconf 66' lang='lat' dir='ltr'><strong>Aprum).</strong></span> <span class='ocrx_word' id='word_1_2' title='bbox 1250 466 1333 510; x_wconf 81' lang='lat' dir='ltr'><strong>xl.</strong></span> <span class='ocrx_word' id='word_1_3' title='bbox 1991 449 2076 512; x_wconf 89' lang='grc'><strong>63</strong></span> 
     </span>
    </p>
   </div>
   <div class='ocr_carea' id='block_1_2' title="bbox 179 611 2081 1371">
    <p class='ocr_par' dir='ltr' id='par_1_2' title="bbox 330 611 1763 670">
     <span class='ocr_line' id='line_1_2' title="bbox 330 611 1763 670; baseline 0.003 -5"><span class='ocrx_word' id='word_1_4' title='bbox 330 613 415 666; x_wconf 86' lang='grc'><strong>12.</strong></span> <span class='ocrx_word' id='word_1_5' title='bbox 464 611 726 666; x_wconf 90' lang='lat' dir='ltr'><strong>Similiter</strong></span> <span class='ocrx_word' id='word_1_6' title='bbox 750 612 1117 666; x_wconf 76' lang='lat' dir='ltr'><strong>examinentur</strong></span> <span class='ocrx_word' id='word_1_7' title='bbox 1141 616 1301 666; x_wconf 78' lang='lat' dir='ltr'><strong>testes</strong></span> <span class='ocrx_word' id='word_1_8' title='bbox 1325 616 1506 667; x_wconf 91' lang='lat' dir='ltr'><strong>contra</strong></span> <span class='ocrx_word' id='word_1_9' title='bbox 1530 630 1763 670; x_wconf 74' lang='lat' dir='ltr'><strong>causam·</strong></span> 
     </span>
    </p>

    <p class='ocr_par' dir='ltr' id='par_1_3' title="bbox 331 698 1669 768">
     <span class='ocr_line' id='line_1_3' title="bbox 331 698 1669 768; baseline 0.001 -18"><span class='ocrx_word' id='word_1_10' title='bbox 331 700 415 750; x_wconf 87' lang='lat'><strong>13.</strong></span> <span class='ocrx_word' id='word_1_11' title='bbox 465 698 686 752; x_wconf 86' lang='lat' dir='ltr'><strong>Collatis</strong></span> <span class='ocrx_word' id='word_1_12' title='bbox 711 704 842 751; x_wconf 91' lang='lat' dir='ltr'><strong>tunc</strong></span> <span class='ocrx_word' id='word_1_13' title='bbox 867 699 1100 752; x_wconf 90' lang='lat' dir='ltr'><strong>consiliis</strong></span> <span class='ocrx_word' id='word_1_14' title='bbox 1124 699 1222 751; x_wconf 88' lang='lat' dir='ltr'><strong>fiat</strong></span> <span class='ocrx_word' id='word_1_15' title='bbox 1245 704 1310 751; x_wconf 93' lang='lat' dir='ltr'><strong>ut</strong></span> <span class='ocrx_word' id='word_1_16' title='bbox 1334 717 1489 768; x_wconf 86' lang='lat' dir='ltr'><strong>supra</strong></span> <span class='ocrx_word' id='word_1_17' title='bbox 1512 702 1571 753; x_wconf 84' lang='lat' dir='ltr'><strong>n⁰</strong></span> <span class='ocrx_word' id='word_1_18' title='bbox 1595 700 1669 752; x_wconf 83' lang='lat'><strong>8⁰.</strong></span> 
     </span>
    </p>

    <p class='ocr_par' dir='ltr' id='par_1_4' title="bbox 179 784 2081 1371">
     <span class='ocr_line' id='line_1_4' title="bbox 330 784 2081 853; baseline 0.002 -19"><span class='ocrx_word' id='word_1_19' title='bbox 330 785 415 834; x_wconf 86' lang='lat'><strong>14.</strong></span> <span class='ocrx_word' id='word_1_20' title='bbox 465 784 617 846; x_wconf 82' lang='lat' dir='ltr'><strong>Quod</strong></span> <span class='ocrx_word' id='word_1_21' title='bbox 642 785 688 836; x_wconf 87' lang='lat' dir='ltr'><strong>si</strong></span> <span class='ocrx_word' id='word_1_22' title='bbox 721 789 883 836; x_wconf 87' lang='lat' dir='ltr'><strong>testes</strong></span> <span class='ocrx_word' id='word_1_23' title='bbox 918 785 1095 837; x_wconf 90' lang='lat' dir='ltr'><strong>nolint</strong></span> <span class='ocrx_word' id='word_1_24' title='bbox 1130 789 1228 837; x_wconf 91' lang='lat' dir='ltr'><strong>aut</strong></span> <span class='ocrx_word' id='word_1_25' title='bbox 1259 789 1525 853; x_wconf 76' lang='lat' dir='ltr'><strong>nequeant</strong></span> <span class='ocrx_word' id='word_1_26' title='bbox 1565 784 1790 838; x_wconf 92' lang='lat' dir='ltr'><strong>concilio</strong></span> <span class='ocrx_word' id='word_1_27' title='bbox 1827 785 2081 849; x_wconf 75' lang='lat' dir='ltr'>assistere,</span> 
     </span>
     <span class='ocr_line' id='line_1_5' title="bbox 182 869 2079 940; baseline 0.002 -19"><span class='ocrx_word' id='word_1_28' title='bbox 182 872 279 921; x_wconf 91' lang='lat' dir='ltr'><strong>aut</strong></span> <span class='ocrx_word' id='word_1_29' title='bbox 318 885 503 937; x_wconf 90' lang='lat' dir='ltr'><strong>eorum</strong></span> <span class='ocrx_word' id='word_1_30' title='bbox 547 869 917 921; x_wconf 84' lang='lat' dir='ltr'><strong>testimonium</strong></span> <span class='ocrx_word' id='word_1_31' title='bbox 964 870 1202 922; x_wconf 90' lang='lat' dir='ltr'><strong>nondum</strong></span> <span class='ocrx_word' id='word_1_32' title='bbox 1251 871 1379 922; x_wconf 88' lang='lat' dir='ltr'><strong>satis</strong></span> <span class='ocrx_word' id='word_1_33' title='bbox 1427 870 1757 924; x_wconf 91' lang='lat' dir='ltr'><strong>luculentum</strong></span> <span class='ocrx_word' id='word_1_34' title='bbox 1805 873 2079 940; x_wconf 76' lang='lat' dir='ltr'><strong>negotium</strong></span> 
     </span>
     <span class='ocr_line' id='line_1_6' title="bbox 182 954 2073 1025; baseline 0.001 -19"><span class='ocrx_word' id='word_1_35' title='bbox 182 954 386 1019; x_wconf 87' lang='lat' dir='ltr'><strong>reddat,</strong></span> <span class='ocrx_word' id='word_1_36' title='bbox 423 955 529 1006; x_wconf 91' lang='lat' dir='ltr'><strong>duo</strong></span> <span class='ocrx_word' id='word_1_37' title='bbox 569 954 758 1007; x_wconf 81' lang='lat' dir='ltr'><strong>saltem</strong></span> <span class='ocrx_word' id='word_1_38' title='bbox 801 971 865 1006; x_wconf 88' lang='lat' dir='ltr'><strong>ex</strong></span> <span class='ocrx_word' id='word_1_39' title='bbox 909 956 1219 1008; x_wconf 88' lang='lat' dir='ltr'><strong>consiliariis</strong></span> <span class='ocrx_word' id='word_1_40' title='bbox 1259 973 1292 1007; x_wconf 86' lang='lat' dir='ltr'><strong>a</strong></span> <span class='ocrx_word' id='word_1_41' title='bbox 1334 956 1558 1009; x_wconf 87' lang='lat' dir='ltr'><strong>concilio</strong></span> <span class='ocrx_word' id='word_1_42' title='bbox 1599 957 1937 1025; x_wconf 75' lang='lat' dir='ltr'><strong>deputentur,</strong></span> <span class='ocrx_word' id='word_1_43' title='bbox 1980 958 2073 1025; x_wconf 90' lang='lat' dir='ltr'><strong>qui</strong></span> 
     </span>
     <span class='ocr_line' id='line_1_7' title="bbox 183 1040 2081 1112; baseline 0.002 -21"><span class='ocrx_word' id='word_1_44' title='bbox 183 1044 343 1091; x_wconf 81' lang='lat' dir='ltr'><strong>testes</strong></span> <span class='ocrx_word' id='word_1_45' title='bbox 390 1040 665 1103; x_wconf 84' lang='lat' dir='ltr'><strong>adeuntes,</strong></span> <span class='ocrx_word' id='word_1_46' title='bbox 714 1040 830 1092; x_wconf 89' lang='lat' dir='ltr'><strong>loca</strong></span> <span class='ocrx_word' id='word_1_47' title='bbox 877 1041 1180 1104; x_wconf 87' lang='lat' dir='ltr'><strong>invisentes,</strong></span> <span class='ocrx_word' id='word_1_48' title='bbox 1229 1040 1331 1104; x_wconf 89' lang='lat' dir='ltr'><strong>vel,</strong></span> <span class='ocrx_word' id='word_1_49' title='bbox 1379 1041 1486 1093; x_wconf 87' lang='lat' dir='ltr'><strong>alio</strong></span> <span class='ocrx_word' id='word_1_50' title='bbox 1546 1058 1862 1112; x_wconf 88' lang='lat' dir='ltr'><strong>quocunque</strong></span> <span class='ocrx_word' id='word_1_51' title='bbox 1922 1043 2081 1094; x_wconf 90' lang='lat' dir='ltr'><strong>modo</strong></span> 
     </span>
     <span class='ocr_line' id='line_1_8' title="bbox 182 1124 2078 1195; baseline 0.002 -19"><span class='ocrx_word' id='word_1_52' title='bbox 182 1126 404 1193; x_wconf 82' lang='lat' dir='ltr'><strong>possint,</strong></span> <span class='ocrx_word' id='word_1_53' title='bbox 440 1125 624 1177; x_wconf 90' lang='lat' dir='ltr'><strong>lumen</strong></span> <span class='ocrx_word' id='word_1_54' title='bbox 655 1126 725 1177; x_wconf 91' lang='lat' dir='ltr'><strong>ad</strong></span> <span class='ocrx_word' id='word_1_55' title='bbox 761 1124 926 1177; x_wconf 89' lang='lat' dir='ltr'><strong>dubia</strong></span> <span class='ocrx_word' id='word_1_56' title='bbox 962 1125 1209 1177; x_wconf 84' lang='lat' dir='ltr'><strong>solvenda</strong></span> <span class='ocrx_word' id='word_1_57' title='bbox 1240 1126 1581 1195; x_wconf 78' lang='lat' dir='ltr'><strong>requirentes,</strong></span> <span class='ocrx_word' id='word_1_58' title='bbox 1614 1126 1921 1179; x_wconf 81' lang='lat' dir='ltr'><strong>relationem</strong></span> <span class='ocrx_word' id='word_1_59' title='bbox 1955 1144 2078 1178; x_wconf 86' lang='lat' dir='ltr'><strong>suae</strong></span> 
     </span>
     <span class='ocr_line' id='line_1_9' title="bbox 181 1210 2077 1280; baseline 0.002 -19"><span class='ocrx_word' id='word_1_60' title='bbox 181 1211 609 1280; x_wconf 84' lang='lat' dir='ltr'><strong>investigationis</strong></span> <span class='ocrx_word' id='word_1_61' title='bbox 633 1210 701 1261; x_wconf 88' lang='lat' dir='ltr'><strong>ad</strong></span> <span class='ocrx_word' id='word_1_62' title='bbox 734 1210 1019 1262; x_wconf 88' lang='lat' dir='ltr'><strong>concilium</strong></span> <span class='ocrx_word' id='word_1_63' title='bbox 1046 1210 1302 1275; x_wconf 86' lang='lat' dir='ltr'><strong>deferant,</strong></span> <span class='ocrx_word' id='word_1_64' title='bbox 1327 1216 1392 1263; x_wconf 92' lang='lat' dir='ltr'><strong>ut</strong></span> <span class='ocrx_word' id='word_1_65' title='bbox 1415 1213 1494 1264; x_wconf 83' lang='lat' dir='ltr'><strong>ita</strong></span> <span class='ocrx_word' id='word_1_66' title='bbox 1517 1212 1666 1264; x_wconf 82' lang='lat' dir='ltr'><strong>nulla</strong></span> <span class='ocrx_word' id='word_1_67' title='bbox 1689 1212 1776 1266; x_wconf 81' lang='lat' dir='ltr'><strong>via</strong></span> <span class='ocrx_word' id='word_1_68' title='bbox 1807 1213 2077 1265; x_wconf 75' lang='lat' dir='ltr'><strong>intentata</strong></span> 
     </span>
     <span class='ocr_line' id='line_1_10' title="bbox 179 1295 1725 1371; baseline 0.002 -23"><span class='ocrx_word' id='word_1_69' title='bbox 179 1295 509 1371; x_wconf 84' lang='lat' dir='ltr'><strong>relinquatur</strong></span> <span class='ocrx_word' id='word_1_70' title='bbox 531 1295 602 1347; x_wconf 91' lang='lat' dir='ltr'><strong>ad</strong></span> <span class='ocrx_word' id='word_1_71' title='bbox 625 1312 807 1348; x_wconf 91' lang='lat' dir='ltr'><strong>verum</strong></span> <span class='ocrx_word' id='word_1_72' title='bbox 831 1296 1100 1349; x_wconf 85' lang='lat' dir='ltr'><strong>moraliter</strong></span> <span class='ocrx_word' id='word_1_73' title='bbox 1123 1301 1265 1350; x_wconf 86' lang='lat' dir='ltr'><strong>certo</strong></span> <span class='ocrx_word' id='word_1_74' title='bbox 1289 1297 1725 1368; x_wconf 87' lang='lat' dir='ltr'><strong>cognoscendum.</strong></span> 
     </span>
    </p>
   </div>
   <div class='ocr_carea' id='block_1_3' title="bbox 1091 1623 1190 1678">
    <p class='ocr_par' dir='ltr' id='par_1_5' title="bbox 1091 1623 1190 1678">
     <span class='ocr_line' id='line_1_11' title="bbox 1091 1623 1190 1678; baseline 0.03 -3"><span class='ocrx_word' id='word_1_75' title='bbox 1091 1623 1190 1678; x_wconf 87' lang='lat' dir='ltr'><strong>XI.</strong></span> 
     </span>
    </p>
   </div>
   <div class='ocr_carea' id='block_1_4' title="bbox 593 1774 1666 1956">
    <p class='ocr_par' dir='ltr' id='par_1_6' title="bbox 593 1774 1666 1956">
     <span class='ocr_line' id='line_1_12' title="bbox 948 1774 1387 1830; baseline 0.005 -2"><span class='ocrx_word' id='word_1_76' title='bbox 948 1774 1031 1829; x_wconf 91' lang='lat' dir='ltr'><strong>IN</strong></span> <span class='ocrx_word' id='word_1_77' title='bbox 1033 1774 1387 1830; x_wconf 85' lang='lat' dir='ltr'>STRUCTIO</span> 
     </span>
     <span class='ocr_line' id='line_1_13' title="bbox 593 1909 1666 1956; baseline 0.004 -4"><span class='ocrx_word' id='word_1_78' title='bbox 593 1910 677 1952; x_wconf 83' lang='lat' dir='ltr'><strong>DE</strong></span> <span class='ocrx_word' id='word_1_79' title='bbox 704 1909 1000 1955; x_wconf 78' lang='lat' dir='ltr'><strong>ous&#39;romA</strong></span> <span class='ocrx_word' id='word_1_80' title='bbox 1026 1912 1242 1956; x_wconf 79' lang='lat' dir='ltr'>FONTIS</span> <span class='ocrx_word' id='word_1_81' title='bbox 1269 1911 1666 1956; x_wconf 70' lang='lat' dir='ltr'><strong>BAP‘rIsMAus</strong></span> 
     </span>
    </p>
   </div>
   <div class='ocr_carea' id='block_1_5' title="bbox 357 2042 1910 2088">
    <p class='ocr_par' dir='ltr' id='par_1_7' title="bbox 357 2042 1910 2088">
     <span class='ocr_line' id='line_1_14' title="bbox 357 2042 1910 2088; baseline 0.001 -4"><span class='ocrx_word' id='word_1_82' title='bbox 357 2043 436 2084; x_wconf 72' lang='lat' dir='ltr'><strong>EX</strong></span> <span class='ocrx_word' id='word_1_83' title='bbox 468 2042 626 2088; x_wconf 68' lang='lat' dir='ltr'><strong>Actus</strong></span> <span class='ocrx_word' id='word_1_84' title='bbox 659 2045 903 2087; x_wconf 83' lang='lat' dir='ltr'>CONCILII</span> <span class='ocrx_word' id='word_1_85' title='bbox 939 2045 1168 2087; x_wconf 73' lang='lat' dir='ltr'><strong>MEDIOL.</strong></span> <span class='ocrx_word' id='word_1_86' title='bbox 1205 2046 1462 2087; x_wconf 83' lang='lat' dir='ltr'>PROVINC.</span> <span class='ocrx_word' id='word_1_87' title='bbox 1501 2046 1577 2086; x_wconf 88' lang='lat' dir='ltr'><strong>Iv.</strong></span> <span class='ocrx_word' id='word_1_88' title='bbox 1614 2044 1910 2086; x_wconf 79' lang='lat' dir='ltr'>EXCERPTA.</span> 
     </span>
    </p>
   </div>
   <div class='ocr_carea' id='block_1_6' title="bbox 969 2167 1299 2178">
    <p class='ocr_par' dir='ltr' id='par_1_8' title="bbox 969 2167 1299 2178">
     <span class='ocr_line' id='line_1_15' title="bbox 969 2167 1299 2178; baseline 0 2196"><span class='ocrx_word' id='word_1_89' title='bbox 969 2167 1299 2178; x_wconf 95' lang='lat' dir='ltr'><strong> </strong></span> 
     </span>
    </p>
   </div>
   <div class='ocr_carea' id='block_1_7' title="bbox 446 2238 1809 2312">
    <p class='ocr_par' dir='ltr' id='par_1_9' title="bbox 446 2238 1809 2312">
     <span class='ocr_line' id='line_1_16' title="bbox 446 2238 1809 2312; baseline 0.001 -18"><span class='ocrx_word' id='word_1_90' title='bbox 446 2238 597 2297; x_wconf 76' lang='lat' dir='ltr'><strong>Fons</strong></span> <span class='ocrx_word' id='word_1_91' title='bbox 621 2238 976 2312; x_wconf 77' lang='lat' dir='ltr'><strong>baptismalis</strong></span> <span class='ocrx_word' id='word_1_92' title='bbox 1001 2257 1116 2311; x_wconf 80' lang='lat' dir='ltr'><strong>qua</strong></span> <span class='ocrx_word' id='word_1_93' title='bbox 1140 2238 1359 2294; x_wconf 74' lang='lat' dir='ltr'><strong>ratione</strong></span> <span class='ocrx_word' id='word_1_94' title='bbox 1383 2238 1809 2295; x_wconf 76' lang='lat' dir='ltr'><strong>construendus.</strong></span> 
     </span>
    </p>
   </div>
   <div class='ocr_carea' id='block_1_8' title="bbox 175 2373 2075 2615">
    <p class='ocr_par' dir='ltr' id='par_1_10' title="bbox 175 2373 2075 2615">
     <span class='ocr_line' id='line_1_17' title="bbox 319 2373 2074 2445; baseline -0.002 -16"><span class='ocrx_word' id='word_1_95' title='bbox 319 2373 462 2429; x_wconf 86' lang='lat' dir='ltr'><strong>Fons</strong></span> <span class='ocrx_word' id='word_1_96' title='bbox 482 2375 816 2445; x_wconf 89' lang='lat' dir='ltr'><strong>baptismalis</strong></span> <span class='ocrx_word' id='word_1_97' title='bbox 851 2393 883 2428; x_wconf 94' lang='lat' dir='ltr'><strong>e</strong></span> <span class='ocrx_word' id='word_1_98' title='bbox 919 2392 1195 2440; x_wconf 89' lang='lat' dir='ltr'><strong>marmore,</strong></span> <span class='ocrx_word' id='word_1_99' title='bbox 1218 2380 1315 2428; x_wconf 91' lang='lat' dir='ltr'><strong>aut</strong></span> <span class='ocrx_word' id='word_1_100' title='bbox 1355 2393 1386 2428; x_wconf 88' lang='lat' dir='ltr'><strong>e</strong></span> <span class='ocrx_word' id='word_1_101' title='bbox 1427 2376 1595 2429; x_wconf 91' lang='lat' dir='ltr'><strong>solido</strong></span> <span class='ocrx_word' id='word_1_102' title='bbox 1637 2375 1814 2445; x_wconf 90' lang='lat' dir='ltr'><strong>lapide</strong></span> <span class='ocrx_word' id='word_1_103' title='bbox 1837 2378 2074 2428; x_wconf 79' lang='lat' dir='ltr'><strong>constet:</strong></span> 
     </span>
     <span class='ocr_line' id='line_1_18' title="bbox 175 2460 2074 2531; baseline -0.002 -17"><span class='ocrx_word' id='word_1_104' title='bbox 175 2461 269 2531; x_wconf 91' lang='lat' dir='ltr'><strong>qui</strong></span> <span class='ocrx_word' id='word_1_105' title='bbox 312 2462 358 2514; x_wconf 88' lang='lat' dir='ltr'><strong>si</strong></span> <span class='ocrx_word' id='word_1_106' title='bbox 381 2478 504 2531; x_wconf 91' lang='lat' dir='ltr'><strong>prae</strong></span> <span class='ocrx_word' id='word_1_107' title='bbox 540 2462 767 2524; x_wconf 85' lang='lat' dir='ltr'><strong>rimulis,</strong></span> <span class='ocrx_word' id='word_1_108' title='bbox 804 2461 977 2514; x_wconf 86' lang='lat' dir='ltr'><strong>aliave</strong></span> <span class='ocrx_word' id='word_1_109' title='bbox 1011 2462 1215 2515; x_wconf 89' lang='lat' dir='ltr'><strong>ratione</strong></span> <span class='ocrx_word' id='word_1_110' title='bbox 1249 2461 1509 2530; x_wconf 90' lang='lat' dir='ltr'><strong>ejusmodi</strong></span> <span class='ocrx_word' id='word_1_111' title='bbox 1551 2466 1648 2526; x_wconf 88' lang='lat' dir='ltr'><strong>est,</strong></span> <span class='ocrx_word' id='word_1_112' title='bbox 1674 2466 1736 2513; x_wconf 91' lang='lat' dir='ltr'><strong>ut</strong></span> <span class='ocrx_word' id='word_1_113' title='bbox 1777 2460 1902 2513; x_wconf 92' lang='lat' dir='ltr'><strong>inde</strong></span> <span class='ocrx_word' id='word_1_114' title='bbox 1937 2477 2074 2528; x_wconf 80' lang='lat' dir='ltr'><strong>aqua</strong></span> 
     </span>
     <span class='ocr_line' id='line_1_19' title="bbox 176 2545 2075 2615; baseline -0.003 -14"><span class='ocrx_word' id='word_1_115' title='bbox 176 2546 370 2601; x_wconf 83' lang='lat' dir='ltr'><strong>sensim</strong></span> <span class='ocrx_word' id='word_1_116' title='bbox 394 2545 596 2610; x_wconf 89' lang='lat' dir='ltr'><strong>effluat,</strong></span> <span class='ocrx_word' id='word_1_117' title='bbox 621 2546 781 2614; x_wconf 85' lang='lat' dir='ltr'><strong>lapsis</strong></span> <span class='ocrx_word' id='word_1_118' title='bbox 804 2545 941 2598; x_wconf 90' lang='lat' dir='ltr'><strong>alius</strong></span> <span class='ocrx_word' id='word_1_119' title='bbox 964 2546 1098 2599; x_wconf 91' lang='lat' dir='ltr'><strong>bene</strong></span> <span class='ocrx_word' id='word_1_120' title='bbox 1136 2546 1333 2610; x_wconf 90' lang='lat' dir='ltr'><strong>firmus,</strong></span> <span class='ocrx_word' id='word_1_121' title='bbox 1360 2546 1574 2611; x_wconf 89' lang='lat' dir='ltr'><strong>solidus,</strong></span> <span class='ocrx_word' id='word_1_122' title='bbox 1610 2563 1672 2598; x_wconf 91' lang='lat' dir='ltr'><strong>ac</strong></span> <span class='ocrx_word' id='word_1_123' title='bbox 1715 2549 1867 2597; x_wconf 90' lang='lat' dir='ltr'><strong>tutus</strong></span> <span class='ocrx_word' id='word_1_124' title='bbox 1890 2562 2075 2615; x_wconf 91' lang='lat' dir='ltr'><strong>quam-</strong></span> 
     </span>
    </p>
   </div>
   <div class='ocr_carea' id='block_1_9' title="bbox 176 2642 2077 2792">
    <p class='ocr_par' dir='ltr' id='par_1_11' title="bbox 176 2642 2077 2792">
     <span class='ocr_line' id='line_1_20' title="bbox 176 2642 785 2711; baseline -0.008 -17"><span class='ocrx_word' id='word_1_125' title='bbox 176 2642 411 2711; x_wconf 90' lang='lat' dir='ltr'><strong>primum</strong></span> <span class='ocrx_word' id='word_1_126' title='bbox 436 2642 785 2708; x_wconf 86' lang='lat' dir='ltr'><strong>comparetur.</strong></span> 
     </span>
     <span class='ocr_line' id='line_1_21' title="bbox 319 2721 2077 2792; baseline -0.002 -16"><span class='ocrx_word' id='word_1_127' title='bbox 319 2725 531 2777; x_wconf 89' lang='lat' dir='ltr'><strong>Interea</strong></span> <span class='ocrx_word' id='word_1_128' title='bbox 577 2741 697 2776; x_wconf 89' lang='lat' dir='ltr'><strong>vero</strong></span> <span class='ocrx_word' id='word_1_129' title='bbox 744 2723 813 2776; x_wconf 93' lang='lat' dir='ltr'><strong>ad</strong></span> <span class='ocrx_word' id='word_1_130' title='bbox 850 2738 1044 2792; x_wconf 88' lang='lat' dir='ltr'><strong>aquam</strong></span> <span class='ocrx_word' id='word_1_131' title='bbox 1091 2722 1466 2792; x_wconf 86' lang='lat' dir='ltr'><strong>baptismalem</strong></span> <span class='ocrx_word' id='word_1_132' title='bbox 1514 2724 1636 2775; x_wconf 90' lang='lat' dir='ltr'><strong>tuto</strong></span> <span class='ocrx_word' id='word_1_133' title='bbox 1684 2721 2077 2784; x_wconf 87' lang='lat' dir='ltr'><strong>continendam,</strong></span> 
     </span>
    </p>
   </div>
   <div class='ocr_carea' id='block_1_10' title="bbox 173 2807 2073 3137">
    <p class='ocr_par' dir='ltr' id='par_1_12' title="bbox 173 2807 2073 3137">
     <span class='ocr_line' id='line_1_22' title="bbox 176 2807 2072 2878; baseline -0.002 -16"><span class='ocrx_word' id='word_1_134' title='bbox 176 2810 305 2862; x_wconf 91' lang='lat' dir='ltr'><strong>dum</strong></span> <span class='ocrx_word' id='word_1_135' title='bbox 352 2810 446 2862; x_wconf 80' lang='lat' dir='ltr'><strong>ille</strong></span> <span class='ocrx_word' id='word_1_136' title='bbox 480 2810 614 2862; x_wconf 79' lang='lat' dir='ltr'><strong>alter</strong></span> <span class='ocrx_word' id='word_1_137' title='bbox 651 2813 881 2878; x_wconf 89' lang='lat' dir='ltr'><strong>paretur,</strong></span> <span class='ocrx_word' id='word_1_138' title='bbox 922 2825 1030 2861; x_wconf 92' lang='lat' dir='ltr'><strong>non</strong></span> <span class='ocrx_word' id='word_1_139' title='bbox 1069 2826 1160 2861; x_wconf 90' lang='lat' dir='ltr'><strong>vas</strong></span> <span class='ocrx_word' id='word_1_140' title='bbox 1202 2808 1369 2860; x_wconf 84' lang='lat' dir='ltr'><strong>fictile</strong></span> <span class='ocrx_word' id='word_1_141' title='bbox 1406 2808 1686 2860; x_wconf 87' lang='lat' dir='ltr'><strong>alteriusve</strong></span> <span class='ocrx_word' id='word_1_142' title='bbox 1727 2809 1948 2877; x_wconf 89' lang='lat' dir='ltr'><strong>generis,</strong></span> <span class='ocrx_word' id='word_1_143' title='bbox 1986 2807 2072 2858; x_wconf 85' lang='lat' dir='ltr'><strong>sed</strong></span> 
     </span>
     <span class='ocr_line' id='line_1_23' title="bbox 175 2893 2073 2962; baseline -0.003 -14"><span class='ocrx_word' id='word_1_144' title='bbox 175 2913 403 2960; x_wconf 89' lang='lat' dir='ltr'><strong>aereum,</strong></span> <span class='ocrx_word' id='word_1_145' title='bbox 428 2899 636 2947; x_wconf 88' lang='lat' dir='ltr'><strong>stamno</strong></span> <span class='ocrx_word' id='word_1_146' title='bbox 674 2896 745 2947; x_wconf 88' lang='lat' dir='ltr'><strong>ab</strong></span> <span class='ocrx_word' id='word_1_147' title='bbox 784 2895 1022 2946; x_wconf 76' lang='lat' dir='ltr'><strong>interiori</strong></span> <span class='ocrx_word' id='word_1_148' title='bbox 1059 2897 1206 2962; x_wconf 87' lang='lat' dir='ltr'><strong>parte</strong></span> <span class='ocrx_word' id='word_1_149' title='bbox 1248 2893 1473 2958; x_wconf 88' lang='lat' dir='ltr'><strong>illitum,</strong></span> <span class='ocrx_word' id='word_1_150' title='bbox 1511 2898 1661 2945; x_wconf 85' lang='lat' dir='ltr'><strong>tante</strong></span> <span class='ocrx_word' id='word_1_151' title='bbox 1703 2893 2073 2962; x_wconf 85' lang='lat' dir='ltr'><strong>magnitudine</strong></span> 
     </span>
     <span class='ocr_line' id='line_1_24' title="bbox 173 2978 2071 3049; baseline -0.002 -16"><span class='ocrx_word' id='word_1_152' title='bbox 173 2985 376 3049; x_wconf 87' lang='lat' dir='ltr'><strong>quanta</strong></span> <span class='ocrx_word' id='word_1_153' title='bbox 411 2980 607 3049; x_wconf 90' lang='lat' dir='ltr'><strong>lapidis</strong></span> <span class='ocrx_word' id='word_1_154' title='bbox 650 2981 887 3032; x_wconf 82' lang='lat' dir='ltr'><strong>vacuitas</strong></span> <span class='ocrx_word' id='word_1_155' title='bbox 928 2984 1010 3031; x_wconf 92' lang='lat' dir='ltr'><strong>est</strong></span> <span class='ocrx_word' id='word_1_156' title='bbox 1051 2981 1131 3031; x_wconf 82' lang='lat' dir='ltr'><strong>ita</strong></span> <span class='ocrx_word' id='word_1_157' title='bbox 1170 2984 1413 3048; x_wconf 88' lang='lat' dir='ltr'><strong>ponatur,</strong></span> <span class='ocrx_word' id='word_1_158' title='bbox 1451 2983 1515 3030; x_wconf 92' lang='lat' dir='ltr'><strong>ut</strong></span> <span class='ocrx_word' id='word_1_159' title='bbox 1556 2979 1870 3030; x_wconf 89' lang='lat' dir='ltr'><strong>intrinsecus</strong></span> <span class='ocrx_word' id='word_1_160' title='bbox 1916 2978 2071 3030; x_wconf 90' lang='lat' dir='ltr'><strong>illum</strong></span> 
     </span>
     <span class='ocr_line' id='line_1_25' title="bbox 174 3062 2070 3137; baseline -0.001 -20"><span class='ocrx_word' id='word_1_161' title='bbox 174 3066 411 3134; x_wconf 90' lang='lat' dir='ltr'><strong>undique</strong></span> <span class='ocrx_word' id='word_1_162' title='bbox 448 3066 678 3118; x_wconf 90' lang='lat' dir='ltr'><strong>strictim</strong></span> <span class='ocrx_word' id='word_1_163' title='bbox 719 3067 1010 3137; x_wconf 87' lang='lat' dir='ltr'><strong>attingens,</strong></span> <span class='ocrx_word' id='word_1_164' title='bbox 1051 3065 1288 3134; x_wconf 89' lang='lat' dir='ltr'><strong>beneque</strong></span> <span class='ocrx_word' id='word_1_165' title='bbox 1312 3069 1650 3135; x_wconf 88' lang='lat' dir='ltr'><strong>compactum</strong></span> <span class='ocrx_word' id='word_1_166' title='bbox 1686 3064 1860 3117; x_wconf 91' lang='lat' dir='ltr'><strong>eidem</strong></span> <span class='ocrx_word' id='word_1_167' title='bbox 1885 3062 2070 3115; x_wconf 84' lang='lat' dir='ltr'><strong>cohae-</strong></span> 
     </span>
    </p>
   </div>
   <div class='ocr_carea' id='block_1_11' title="bbox 174 3152 2074 3299">
    <p class='ocr_par' dir='ltr' id='par_1_13' title="bbox 174 3152 2074 3299">
     <span class='ocr_line' id='line_1_26' title="bbox 174 3152 2074 3299; baseline -0.002 -17"><span class='ocrx_word' id='word_1_168' title='bbox 174 3152 532 3282; x_wconf 52' lang='lat' dir='ltr'><strong>regemfiabeat</strong></span> <span class='ocrx_word' id='word_1_169' title='bbox 577 3226 968 3299; x_wconf 90' lang='lat' dir='ltr'><strong>operimentum</strong></span> <span class='ocrx_word' id='word_1_170' title='bbox 1016 3228 1101 3281; x_wconf 90' lang='lat' dir='ltr'><strong>vel</strong></span> <span class='ocrx_word' id='word_1_171' title='bbox 1151 3227 1413 3280; x_wconf 91' lang='lat' dir='ltr'><strong>ciborium</strong></span> <span class='ocrx_word' id='word_1_172' title='bbox 1461 3227 1532 3280; x_wconf 85' lang='lat' dir='ltr'><strong>ad</strong></span> <span class='ocrx_word' id='word_1_173' title='bbox 1586 3243 1730 3280; x_wconf 83' lang='lat' dir='ltr'><strong>sacra</strong></span> <span class='ocrx_word' id='word_1_174' title='bbox 1776 3226 1891 3279; x_wconf 88' lang='lat' dir='ltr'><strong>olea</strong></span> <span class='ocrx_word' id='word_1_175' title='bbox 1949 3230 2074 3278; x_wconf 87' lang='lat' dir='ltr'><strong>tuto</strong></span> 
     </span>
    </p>
   </div>
   <div class='ocr_carea' id='block_1_12' title="bbox 174 3312 2070 3787">
    <p class='ocr_par' dir='ltr' id='par_1_14' title="bbox 174 3312 2070 3550">
     <span class='ocr_line' id='line_1_27' title="bbox 175 3312 2067 3383; baseline -0.002 -17"><span class='ocrx_word' id='word_1_176' title='bbox 175 3313 520 3383; x_wconf 82' lang='lat' dir='ltr'><strong>decenterque</strong></span> <span class='ocrx_word' id='word_1_177' title='bbox 545 3315 911 3378; x_wconf 88' lang='lat' dir='ltr'><strong>conservanda,</strong></span> <span class='ocrx_word' id='word_1_178' title='bbox 937 3315 995 3365; x_wconf 90' lang='lat' dir='ltr'><strong>in</strong></span> <span class='ocrx_word' id='word_1_179' title='bbox 1018 3331 1080 3366; x_wconf 90' lang='lat' dir='ltr'><strong>eo</strong></span> <span class='ocrx_word' id='word_1_180' title='bbox 1121 3315 1236 3381; x_wconf 89' lang='lat' dir='ltr'><strong>ipso</strong></span> <span class='ocrx_word' id='word_1_181' title='bbox 1279 3314 1426 3365; x_wconf 87' lang='lat' dir='ltr'><strong>fonte</strong></span> <span class='ocrx_word' id='word_1_182' title='bbox 1467 3312 1939 3375; x_wconf 84' lang='lat' dir='ltr'><strong>accommodatum,</strong></span> <span class='ocrx_word' id='word_1_183' title='bbox 1965 3312 2067 3363; x_wconf 85' lang='lat' dir='ltr'><strong>nisi</strong></span> 
     </span>
     <span class='ocr_line' id='line_1_28' title="bbox 174 3393 2070 3462; baseline -0.002 -13"><span class='ocrx_word' id='word_1_184' title='bbox 174 3396 268 3449; x_wconf 91' lang='lat' dir='ltr'><strong>ubi</strong></span> <span class='ocrx_word' id='word_1_185' title='bbox 293 3414 358 3449; x_wconf 84' lang='lat' dir='ltr'><strong>ex</strong></span> <span class='ocrx_word' id='word_1_186' title='bbox 380 3397 819 3449; x_wconf 87' lang='lat' dir='ltr'><strong>instructionibus</strong></span> <span class='ocrx_word' id='word_1_187' title='bbox 842 3396 1035 3447; x_wconf 88' lang='lat' dir='ltr'><strong>nostris</strong></span> <span class='ocrx_word' id='word_1_188' title='bbox 1058 3395 1212 3446; x_wconf 84' lang='lat' dir='ltr'><strong>aliter</strong></span> <span class='ocrx_word' id='word_1_189' title='bbox 1235 3394 1600 3447; x_wconf 85' lang='lat' dir='ltr'><strong>exstruendem</strong></span> <span class='ocrx_word' id='word_1_190' title='bbox 1626 3398 1722 3445; x_wconf 88' lang='lat' dir='ltr'><strong>est.</strong></span> <span class='ocrx_word' id='word_1_191' title='bbox 1796 3393 2070 3462; x_wconf 86' lang='lat' dir='ltr'><strong>Conopaeo</strong></span> 
     </span>
     <span class='ocr_line' id='line_1_29' title="bbox 175 3481 1117 3550; baseline -0.001 -17"><span class='ocrx_word' id='word_1_192' title='bbox 175 3482 341 3533; x_wconf 86' lang='lat' dir='ltr'><strong>etiam</strong></span> <span class='ocrx_word' id='word_1_193' title='bbox 365 3499 396 3533; x_wconf 91' lang='lat' dir='ltr'><strong>e</strong></span> <span class='ocrx_word' id='word_1_194' title='bbox 419 3482 527 3533; x_wconf 83' lang='lat' dir='ltr'><strong>tela</strong></span> <span class='ocrx_word' id='word_1_195' title='bbox 552 3482 740 3533; x_wconf 92' lang='lat' dir='ltr'><strong>saltem</strong></span> <span class='ocrx_word' id='word_1_196' title='bbox 759 3485 1004 3550; x_wconf 87' lang='lat' dir='ltr'><strong>opertum</strong></span> <span class='ocrx_word' id='word_1_197' title='bbox 1029 3481 1117 3532; x_wconf 91' lang='lat' dir='ltr'><strong>sit.</strong></span> 
     </span>
    </p>

    <p class='ocr_par' dir='ltr' id='par_1_15' title="bbox 175 3564 2069 3787">
     <span class='ocr_line' id='line_1_30' title="bbox 317 3564 2067 3632; baseline -0.001 -15"><span class='ocrx_word' id='word_1_198' title='bbox 317 3566 590 3618; x_wconf 88' lang='lat' dir='ltr'><strong>Tabellam</strong></span> <span class='ocrx_word' id='word_1_199' title='bbox 632 3566 824 3619; x_wconf 87' lang='lat' dir='ltr'><strong>habeat</strong></span> <span class='ocrx_word' id='word_1_200' title='bbox 861 3566 996 3617; x_wconf 88' lang='lat' dir='ltr'><strong>item</strong></span> <span class='ocrx_word' id='word_1_201' title='bbox 1039 3565 1369 3627; x_wconf 87' lang='lat' dir='ltr'><strong>intrinsecus,</strong></span> <span class='ocrx_word' id='word_1_202' title='bbox 1412 3581 1546 3632; x_wconf 88' lang='lat' dir='ltr'><strong>quae</strong></span> <span class='ocrx_word' id='word_1_203' title='bbox 1589 3564 1813 3615; x_wconf 86' lang='lat' dir='ltr'><strong>dimidia</strong></span> <span class='ocrx_word' id='word_1_204' title='bbox 1855 3568 2067 3615; x_wconf 86' lang='lat' dir='ltr'><strong>tantum</strong></span> 
     </span>
     <span class='ocr_line' id='line_1_31' title="bbox 175 3650 2069 3720; baseline 0 -19"><span class='ocrx_word' id='word_1_205' title='bbox 175 3652 460 3720; x_wconf 81' lang='lat' dir='ltr'><strong>aperiatur,</strong></span> <span class='ocrx_word' id='word_1_206' title='bbox 484 3653 749 3720; x_wconf 87' lang='lat' dir='ltr'><strong>fontisque</strong></span> <span class='ocrx_word' id='word_1_207' title='bbox 774 3652 971 3703; x_wconf 90' lang='lat' dir='ltr'><strong>ostium</strong></span> <span class='ocrx_word' id='word_1_208' title='bbox 996 3667 1284 3719; x_wconf 89' lang='lat' dir='ltr'><strong>compresse</strong></span> <span class='ocrx_word' id='word_1_209' title='bbox 1308 3650 1570 3713; x_wconf 85' lang='lat' dir='ltr'><strong>claudens,</strong></span> <span class='ocrx_word' id='word_1_210' title='bbox 1586 3666 1778 3717; x_wconf 82' lang='lat' dir='ltr'><strong>aquam</strong></span> <span class='ocrx_word' id='word_1_211' title='bbox 1802 3666 1834 3701; x_wconf 89' lang='lat' dir='ltr'><strong>a</strong></span> <span class='ocrx_word' id='word_1_212' title='bbox 1858 3650 2069 3720; x_wconf 81' lang='lat' dir='ltr'><strong>pulvere</strong></span> 
     </span>
     <span class='ocr_line' id='line_1_32' title="bbox 177 3733 1118 3787; baseline 0 -3"><span class='ocrx_word' id='word_1_213' title='bbox 177 3739 233 3784; x_wconf 86' lang='lat' dir='ltr'><strong>et</strong></span> <span class='ocrx_word' id='word_1_214' title='bbox 256 3733 376 3787; x_wconf 90' lang='lat' dir='ltr'><strong>aliis</strong></span> <span class='ocrx_word' id='word_1_215' title='bbox 399 3735 635 3787; x_wconf 80' lang='lat' dir='ltr'><strong>sordibus</strong></span> <span class='ocrx_word' id='word_1_216' title='bbox 658 3735 867 3786; x_wconf 89' lang='lat' dir='ltr'><strong>cautius</strong></span> <span class='ocrx_word' id='word_1_217' title='bbox 891 3737 1118 3785; x_wconf 85' lang='lat' dir='ltr'><strong>tueatur.</strong></span> 
     </span>
    </p>
   </div>
  </div>
 </body>
</html>
