2534 4374
848 488 927 532 mn
971 488 1489 540 QUASI-DOMICILIO.
1991 472 2115 532 415

207 640 589 698 Verumtamen
633 636 678 688 si
718 635 784 687 de
827 636 1098 704 praedicto
1156 638 1335 690 animo
1395 656 1502 691 non
1546 646 1768 704 constet,
1812 642 1879 691 ad
1920 640 2119 691 indicia

205 724 577 779 recurrendum
600 727 682 774 est
724 738 861 789 quae
900 728 1109 789 praesto
1153 724 1280 787 sint,
1323 741 1560 793 quaeque
1604 726 1855 777 moralem
1900 727 2119 776 certitu-

205 812 386 863 dinem
428 809 656 878 pariant.
747 807 816 858 In
858 824 911 858 re
954 812 1137 859 autem
1179 810 1387 860 occulta
1430 816 1487 861 et
1530 812 1738 862 interna
1781 811 1996 862 difficile
2038 818 2119 860 est

205 894 510 963 hujusmodi
535 892 736 944 indicia
760 890 966 955 habere,
992 908 1126 959 quae
1154 893 1396 960 judicem
1437 912 1676 946 securtun
1720 897 1955 946 faciant:
1995 896 2118 945 inde

205 985 287 1032 est
323 979 465 1047 quod
513 977 753 1029 adhiberi
805 978 1040 1029 maxime
1084 979 1241 1029 debet
1282 981 1464 1048 regula
1503 998 1535 1031 a
1585 980 1807 1032 Summo
1858 980 2118 1032 Pontifice

206 1065 496 1118 Benedicto
521 1063 673 1115 XIV.
717 1062 1045 1127 confirmata,
1089 1069 1155 1115 ut
1196 1065 1512 1132 inspiciatur
1554 1072 1733 1117 utrum
1778 1074 1903 1119 ante
1935 1067 2119 1117 matri-

204 1152 463 1213 monium,
488 1150 661 1217 spatio
704 1148 895 1218 saltem
938 1150 1096 1200 unius
1134 1151 1330 1201 mensis
1354 1150 1437 1201 vel
1477 1152 1632 1203 ambo
1659 1152 1741 1203 vel
1785 1152 2037 1203 alteruter
2062 1152 2117 1201 in

204 1236 534 1288 matrimonii
558 1234 673 1286 loco
696 1233 1074 1285 habitaverint.
1150 1234 1300 1295 Quod
1343 1237 1387 1286 si
1414 1236 1616 1287 factum
1654 1238 1811 1287 fuisse
1836 1237 2120 1304 deprehen-

205 1324 379 1387 datur,
403 1321 729 1374 censendum·
748 1324 831 1372 est
854 1337 919 1372 ex
936 1322 1367 1389 praesumptione
1383 1322 1521 1390 juris
1540 1323 1895 1373 intentionem
1915 1340 2119 1390 perma-

203 1409 368 1460 nendi
391 1425 485 1476 per
509 1406 763 1475 majorem
806 1406 935 1456 anni
976 1410 1183 1474 partem
1224 1407 1481 1471 extitisse,
1505 1412 1562 1458 et
1603 1408 1933 1459 domicilium
1959 1408 2119 1458 fuisse

204 1494 529 1562 acquisitum
577 1492 903 1561 proindeque
953 1493 1358 1544 matrimonium
1419 1511 1530 1545 esse
1578 1495 1833 1545 validum.
1942 1494 2016 1543 At
2075 1493 2118 1543 si

204 1580 564 1649 praesumptio
603 1579 733 1630 haec
766 1579 922 1647 juriS,
965 1595 1100 1647 quae
1143 1596 1208 1630 ex
1247 1585 1517 1631 menstrua
1559 1580 1891 1631 habitatione
1938 1579 2119 1639 oritur,

190 1666 480 1718 *contrariis
506 1665 737 1717 elidatur
760 1666 1179 1734 probationibuS‚
1204 1667 1397 1735 quibus
1422 1671 1564 1717 certo
1600 1683 1662 1716 ac
1686 1665 1890 1732 liquido
1916 1669 2119 1715 constet

204 1753 538 1820 praedictum
561 1752 805 1803 animum
828 1752 977 1803 nullo
1001 1757 1159 1821 pacto
1186 1752 1445 1815 extitisse,
1484 1756 1614 1802 tunc
1657 1750 1891 1818 profecto
1916 1755 2120 1800 contra-

203 1839 345 1889 rium
368 1837 586 1905 proferri
610 1838 798 1890 debere
826 1838 1100 1907 judicium
1133 1838 1480 1889 manifestum
1496 1841 1593 1900 est,
1612 1836 1739 1903 quia
1763 1836 2120 1904 praesumptio

205 1924 385 1974 cedere
400 1923 560 1974 debet
576 1923 809 1974 veritati.
883 1923 1160 1975 Praeterea
1178 1923 1523 1974 manifestum
1538 1939 1747 1990 quoque
1761 1925 1840 1972 est
1858 1920 2120 1971 actualem

196 2001 591 2059 >habitationem
616 2009 857 2077 ineptam
882 2026 992 2060 esse
1034 2009 1103 2059 ad
1144 2007 1655 2077 quasi-domicilium
1698 2007 2031 2074 pariendum,
2076 2007 2118 2055 si

194 2094 325 2162 quis
363 2094 423 2144 in
466 2110 527 2144 ea
568 2094 779 2163 regione
821 2111 964 2145 more
1003 2094 1127 2163 vagi
1167 2111 1229 2145 ac
1272 2094 1577 2145 itinerantis
1621 2097 1989 2155 commoretur,
2014 2108 2119 2142 non

204 2184 388 2230 autem
413 2197 533 2230 vere
556 2181 869 2247 proprieque
893 2180 1209 2244 habitantis,
1224 2179 1679 2247 quemadmodum
1706 2178 1904 2229 scilicet
1924 2177 2118 2228 coeteri

207 2266 394 2329 solent,
419 2266 514 2334 qui
538 2267 596 2344 in
622 2266 806 2318 eodem
830 2266 946 2319 loco
988 2284 1172 2318 verum
1214 2268 1525 2336 proprieque
1551 2267 1759 2318 dictum
1785 2266 2118 2317 domicilium

198 2351 427 2406 habent.

1106 2680 1226 2742 IX.

940 2847 1023 2899 IN
1025 2847 1381 2903 STRUCTIO

774 2986 823 3032 S.
870 2988 1043 3031 CONG.
1085 2989 1163 3031 DE
1210 2991 1373 3034 PROP.
1413 2991 1553 3034 FIDE

456 3091 648 3134 SUPER
672 3091 1255 3136 DISPENSATIONIBUS
1283 3094 1870 3136 MATRIMONIALIBUS.

355 3199 492 3254 Cum
530 3202 852 3271 dispensatio
891 3203 963 3254 sit
991 3203 1130 3271 juris
1166 3205 1463 3255 communis
1496 3204 1749 3255 relaxatio
1784 3221 1907 3254 cum
1932 3221 2118 3255 causae

114 3331 116 3333 .
212 3289 529 3358 cognitione,
575 3288 644 3339 ab
692 3305 754 3339 eo
800 3288 959 3351 facta,
1017 3290 1112 3356 qui
1169 3289 1330 3339 habet
1387 3294 1725 3356 potestatem,
1785 3289 2115 3356 exploratum

213 3371 455 3424 omnibus
501 3374 581 3421 est
629 3370 1042 3438 dispensationes
1084 3371 1152 3422 ab
1195 3372 1590 3438 impedimentis
1635 3372 2117 3423 matrimonialibus

212 3475 319 3509 non
344 3474 452 3508 esse
475 3456 841 3524 indulgendaS,
865 3457 970 3506 nisi
993 3456 1239 3525 legitima
1279 3461 1335 3507 et
1372 3457 1544 3524 gravis
1584 3473 1740 3506 causa
1779 3457 2116 3508 interveniat.

215 3542 356 3604 Quin
403 3542 513 3592 imo
561 3540 717 3591 facile
764 3542 987 3608 quisque
1034 3540 1313 3609 intelligit,
1362 3546 1515 3592 tanto
1563 3542 1854 3610 graviorem
1903 3560 2115 3593 causam

213 3628 424 3696 requiri,
460 3632 659 3695 quanto
695 3627 904 3696 gravius
940 3631 1021 3677 est
1057 3627 1522 3693 impedimentum,
1558 3627 1699 3693 quod
1735 3628 1941 3693 nuptiis
1985 3628 2116 3678 cele-

213 3713 425 3764 brandis
462 3712 764 3780 opponitur.
836 3712 1033 3763 Verum
1071 3712 1215 3762 haud
1253 3729 1367 3762 raro
1404 3713 1473 3762 ad
1507 3710 1561 3763 S.
1589 3711 1777 3763 Sedem
1802 3713 2117 3779 perveniunt
