2534 4374
461 451 584 510 122
1028 471 1191 514 coNC.
1236 472 1402 513 PRov.
1447 471 1670 514 wEs'rM.
1715 474 1779 514 11.

448 622 612 684 atque
635 618 771 668 hanc
808 618 1031 687 gloriam
1064 623 1119 668 et
1154 619 1368 669 laudem
1406 618 1781 671 Sanctissimae
1818 619 1956 672 Suae
1979 621 2147 672 Matri
2171 622 2352 673 offerre

449 707 503 751 et
551 702 836 753 decernere.
938 701 1242 753 Certissima
1289 720 1409 753 vero
1459 720 1550 771 spe
1597 708 1653 754 et
1701 705 1848 754 omni
1901 715 2107 772 prorsus
2154 707 2352 758 fiducia

450 787 672 837 nitimur
713 789 837 850 fore,
862 791 926 837 ut
967 789 1082 854 ipsa
1124 787 1441 838 Beatissima
1484 787 1664 855 Virgo,
1707 806 1844 856 quae
1885 794 2002 840 tota
2039 792 2260 859 pulchra
2295 798 2352 843 et

452 872 803 923 Immaculata
840 888 1155 922 venenosum
1193 872 1542 922 crudelissimi
1580 874 1834 940 serpentis
1873 879 2036 942 caput
2078 877 2350 940 contrivit,

447 962 502 1005 et
550 957 776 1007 salutem
825 957 1015 1007 attulit
1062 958 1285 1017 mund0,
1346 974 1582 1025 quaeque
1642 957 2045 1026 Prophetarum,
2105 961 2350 1028 Apostol-

446 1059 698 1110 orumque
712 1043 1066 1110 praeconium,
1083 1048 1138 1093 et
1155 1042 1318 1094 honor
1336 1042 1653 1111 Martyrum,
1670 1046 2015 1114 omniumque
2032 1046 2347 1101 Sanctorum

447 1127 655 1178 laetitia
691 1132 747 1178 et
790 1144 995 1191 corona,
1039 1145 1276 1196 quaeque
1319 1130 1651 1180 tutissimum
1691 1135 2004 1182 cunctorum
2042 1133 2349 1201 periclitan-

447 1213 585 1261 tium
627 1212 948 1280 perfugium,
987 1217 1042 1262 et
1091 1212 1348 1262 fidissima
1390 1214 1715 1278 auxiliatrix,
1763 1232 1825 1266 ac
1873 1218 2040 1268 totius
2089 1222 2346 1271 terrarum

443 1297 583 1347 orbis
606 1298 977 1364 potentissima
1001 1298 1143 1365 apud
1167 1298 1510 1367 unigenit-um
1546 1297 1750 1350 Filium
1786 1318 1941 1352 suum
1964 1303 2267 1368 mediatrix,
2291 1310 2347 1355 et

446 1382 792 1446 conciliatrix,
840 1399 902 1432 ac
949 1382 1422 1449 praeclarissimum
1470 1383 1739 1435 Ecclesiae
1799 1391 2011 1438 sanctae
2071 1388 2253 1440 decus,
2289 1395 2347 1440 et

443 1472 830 1530 ornamentum,
853 1466 1315 1534 firmissimumque
1340 1469 1660 1535 praesidium
1684 1475 1901 1521 cunctas
1927 1489 2130 1540 semper
2153 1474 2346 1525 intere-

446 1554 547 1603 mit
578 1546 837 1616 haereses,
879 1557 936 1603 et
976 1552 1156 1603 fideles
1197 1553 1438 1620 popuIOS,
1479 1558 1766 1623 gentesque
1807 1574 1840 1607 a
1882 1559 2130 1610 maximis
2172 1561 2344 1610 omnis

441 1639 646 1707 generis
686 1637 1081 1688 calamitatibus
1123 1637 1338 1704 eripuit,
1363 1654 1424 1688 ac
1458 1638 1566 1689 Nos
1590 1639 1730 1706 ipsos
1773 1658 1806 1691 a
1844 1646 1928 1693 tot
1971 1643 2343 1712 ingruentibus

442 1724 687 1791 periculis
720 1724 966 1775 liberavit
989 1741 1004 1784 3
1041 1723 1174 1773 velit
1198 1723 1523 1775 validissimo
1566 1742 1660 1775 suo
1699 1729 1992 1793 patrocinio
2036 1729 2254 1794 efficere,
2279 1736 2343 1780 ut

441 1814 622 1860 sancta
664 1809 839 1859 Mater
863 1807 1123 1858 catholica
1162 1809 1396 1859 Ecclesia
1438 1811 1645 1860 cunctis
1683 1814 1876 1864 amotis
1919 1814 2341 1879 difficultatibus,

436 1895 749 1962 cunctisque
773 1893 1066 1962 profligatis
1102 1893 1372 1956 erroribus,
1405 1894 1709 1963 ubicunque
1749 1899 2012 1966 gentium,
2038 1900 2342 1969 ubicunque

440 1981 671 2031 locorum
695 1980 935 2047 quotidie
976 1978 1147 2046 magis
1171 1978 1368 2047 vigeat,
1407 1977 1608 2043 floreat,
1633 1998 1695 2031 ac
1732 1988 1918 2052 regnet
1942 2001 1974 2033 a
1998 1987 2130 2035 mari
2173 2003 2341 2054 usque

439 2067 508 2116 ad
531 2083 675 2116 mare
698 2070 755 2116 et
778 2083 810 2116 a
834 2064 1056 2115 flumine
1074 2081 1241 2132 usque
1259 2065 1327 2115 ad
1351 2066 1604 2117 terminos
1630 2067 1765 2118 orbis
1791 2072 2063 2132 terrarum,
2089 2071 2340 2138 omnique

439 2169 585 2219 pace,
627 2151 1015 2220 tranquillitate
1054 2167 1116 2200 ac
1158 2150 1405 2201 libertate
1443 2151 1666 2215 fmatur,
1704 2156 1769 2203 ut
1806 2154 1882 2204 rei
1925 2155 2153 2218 veniam,
2195 2159 2339 2226 aegri

439 2238 718 2301 medelam,
742 2237 926 2305 pusilli
945 2237 1098 2287 corde
1121 2236 1292 2300 robur,
1311 2236 1395 2286 affl
1403 2237 1500 2286 icti
1525 2238 1954 2302 consolationem,
1979 2240 2339 2307 periclitantes

437 2324 519 2392 adj
527 2324 762 2374 utorium
777 2322 1071 2384 obtineant,
1097 2325 1152 2372 et
1170 2338 1350 2372 omnes
1369 2327 1614 2385 erranteS,
1630 2323 1862 2374 discussa
1877 2326 2074 2375 mentis
2093 2325 2338 2396 caligine,

436 2410 505 2460 ad
546 2409 785 2460 veritatis
808 2425 870 2458 ac
899 2407 1148 2475 justitiae
1173 2407 1421 2458 semitam
1444 2408 1679 2471 redeant,
1704 2425 1766 2459 ac
1803 2409 1901 2460 fiat
1923 2426 2093 2461 unum
2118 2411 2258 2463 ovile
2281 2418 2339 2463 et

441 2512 574 2546 unus
644 2498 796 2545 astor.

578 2512 817 2630 Apudiant
830 2578 958 2629 haec
973 2578 1164 2629 Nostra
1179 2578 1335 2629 verba
1353 2595 1535 2629 omnes
1553 2578 1719 2630 Nobis
1738 2580 2030 2630 charissimi
2046 2581 2337 2634 catholicae

441 2666 702 2716 Ecclesiae
737 2664 856 2727 filii,
880 2668 936 2714 et
959 2663 1243 2714 ardentiori
1282 2680 1450 2730 usque
1473 2664 1709 2731 pietatiS,
1745 2664 2033 2734 religioniS,
2059 2669 2114 2715 et
2143 2668 2334 2718 amoris
2434 2685 2440 2691 ·

437 2751 614 2803 studio
637 2754 862 2819 pergant
885 2748 1067 2812 colere,
1091 2749 1349 2811 invocare,
1374 2764 1600 2811 exorare,
1637 2748 2006 2799 Beatissimam
2043 2749 2145 2800 Dei
2168 2750 2336 2802 Geni-

440 2838 623 2887 tricem
645 2835 924 2903 Virginem
947 2833 1175 2884 Mariam
1202 2832 1315 2884 sine
1338 2833 1454 2884 labe
1477 2833 1723 2902 originali
1742 2838 2067 2902 conceptam,
2085 2840 2248 2903 atque
2265 2838 2335 2888 ad

443 2924 572 2973 hanc
595 2919 972 2971 Dulcissimam
1007 2917 1391 2969 misericordiae
1416 2921 1472 2968 et
1507 2919 1711 2986 gratiae
1747 2918 1978 2968 Matrem
2003 2919 2061 2969 in
2086 2921 2331 2972 omnibus

442 3005 702 3074 periculis,
738 3003 1019 3072 angustiis,
1050 3002 1467 3065 necessitatibuS,
1508 3002 1763 3070 rebusque
1795 3002 1972 3054 dubiis
2010 3020 2072 3054 ac
2110 3006 2334 3072 trepidis

437 3110 560 3145 cum
586 3091 732 3142 omni
765 3089 964 3140 fiducia
986 3088 1314 3157 confugiant.
1386 3085 1539 3137 Nihil
1573 3087 1717 3137 enim
1753 3088 2071 3153 timendum,
2094 3090 2334 3160 nihilque

438 3176 819 3245 desperandum
843 3175 958 3242 ipsa
992 3174 1141 3235 duce,
1164 3172 1282 3239 ipsa
1317 3172 1547 3239 auspice,
1583 3172 1699 3239 ipsa
1734 3173 1982 3239 propitia,
2019 3173 2135 3240 ipsa
2158 3181 2334 3242 prote-

439 3263 615 3329 gente,
640 3274 773 3325 quae
809 3259 1110 3305 maternum
1146 3270 1270 3304 sane
1307 3254 1367 3304 in
1401 3269 1496 3304 nos
1520 3269 1701 3322 gerens
1743 3255 2002 3317 animum,
2026 3260 2332 3325 nostraeque

441 3344 626 3395 salutis
649 3342 866 3411 negotia
889 3343 1121 3390 tractans
1157 3338 1224 3389 de
1246 3339 1488 3389 universo
1512 3338 1745 3388 humano
1768 3355 1956 3406 genere
1981 3344 2063 3390 est
2086 3340 2333 3405 sollicita,

442 3434 497 3480 et
520 3428 652 3478 coeli
693 3431 964 3494 terraeque
1000 3425 1206 3495 Regina
1229 3441 1262 3474 a
1285 3423 1515 3474 Domino
1544 3423 1854 3485 constituta,
1878 3439 1941 3473 ac
1977 3441 2129 3491 super
2153 3442 2333 3479 omnes

442 3513 762 3581 Angelorum
787 3512 966 3563 choros
992 3510 1408 3576 Sanctorumque
1426 3508 1631 3559 ordines
1647 3507 1880 3558 exaltata
1894 3511 2071 3590 astans
2085 3525 2117 3559 a
2135 3510 2332 3561 dextris

365 3645 370 3648 .
444 3596 726 3663 Unigeniti
761 3595 893 3645 Filii
930 3595 1013 3645 sui
1050 3593 1269 3645 Domini
1312 3592 1495 3643 Nostri
1538 3591 1667 3643 Jesu
1703 3590 1900 3643 Christi
1935 3593 2189 3644 maternis
2225 3596 2334 3645 suis

446 3682 681 3750 precibus
729 3681 1050 3731 validissime
1097 3669 1368 3747 impetrat,
1416 3682 1473 3728 et
1519 3677 1661 3745 quod
1719 3677 1927 3744 quaerit
1985 3677 2210 3742 invenit,
2270 3696 2332 3730 ac

441 3766 675 3818 frustrari
696 3782 804 3816 non
826 3768 1019 3831 potest.
