2534 4374
1054 495 1330 539 DEcRmA.
2020 481 2139 540 159

242 640 433 694 clicam
471 642 539 693 ad
582 658 761 694 omnes
798 642 1085 712 Episcopos
1130 642 1452 695 Universalis
1486 643 1751 695 Ecclesiae
1777 644 1987 707 direxit,
2013 662 2148 712 quae

241 726 380 778 inter
404 727 599 794 scripta
623 727 917 778 doctissimi
957 728 1102 780 illius
1132 727 1409 780 Pontificis
1450 729 1740 780 secundum
1784 729 1959 780 locum
1986 735 2149 792 tenet,

242 828 305 863 ex
330 828 436 879 qua
459 810 586 863 haec
612 811 720 863 sola
745 813 899 864 verba
923 813 1139 865 citanda
1163 813 1430 865 duximus,
1523 819 1557 845 ‘⁶
1577 813 1732 867 Cordi
1773 815 1966 865 idcirco
2005 815 2148 865 vobis

242 914 351 949 esse
387 897 560 961 debet,
603 902 668 948 ut
704 898 799 949 ubi
843 898 1015 949 forsan
1051 899 1288 950 nondum
1326 899 1579 950 instituta
1605 899 1805 951 fuerint
1832 898 2148 951 Clericorum

244 981 556 1046 Seminaria,
607 999 770 1050 quam
831 983 1086 1035 citissime
1147 984 1520 1048 instituantur,
1581 984 1666 1036 vel
1717 985 1835 1053 jam
1896 985 2149 1036 instituta

166 1082 174 1086 “
242 1067 705 1136 amplificentur.”l

349 1153 586 1205 Tandem
610 1159 675 1206 ut
698 1154 767 1206 ad
804 1153 922 1223 ipsa
965 1157 1204 1223 tempora
1246 1158 1423 1207 nostra
1460 1157 1843 1224 perveniamuS,
1870 1155 2151 1209 Sanctissi-

242 1256 359 1291 mus
384 1239 643 1291 Dominus
667 1244 723 1291 et
761 1239 1014 1292 Summus
1039 1240 1307 1303 Pontifex,
1333 1241 1426 1309 qui
1465 1241 1746 1293 sublimem
1772 1241 1921 1293 Petri
1959 1240 2151 1293 Cathe-

242 1326 390 1376 dram
415 1325 642 1377 feliciter
666 1330 910 1394 occupat,
950 1325 1118 1376 veluti
1156 1325 1371 1395 gloriosi
1411 1326 1506 1379 Sui
1549 1327 1838 1379 Decessoris
1872 1327 2151 1379 Benedicti

242 1410 391 1462 XIV.
419 1411 645 1480 vestigia
686 1428 946 1480 premenS,
989 1411 1048 1462 in
1084 1411 1271 1479 primis
1314 1428 1443 1479 quas
1468 1417 1588 1481 post
1628 1413 1943 1464 electionem
1969 1414 2149 1464 emisit

243 1495 551 1564 Encyclicas
577 1496 825 1559 LitteraS,
875 1512 1013 1547 anno
1074 1512 1266 1563 nempe
1321 1497 1476 1560 1846,
1526 1498 1725 1549 eisdem
1786 1515 1921 1566 pene
1981 1498 2150 1549 verbis

240 1582 478 1632 eamdem
521 1581 935 1633 sollicitudinem
977 1581 1284 1649 praescribit
1323 1586 1379 1632 et
1421 1582 1672 1634 inculcat.
1746 1586 1782 1614 ‘⁶
1799 1582 1967 1644 Quare
2004 1584 2151 1634 vobis

241 1664 377 1717 nihil
426 1668 715 1735 antiquius,
765 1667 903 1718 nihil
952 1667 1133 1735 potius
1182 1683 1291 1717 esse
1342 1667 1517 1731 debet,
1568 1685 1730 1735 quam
1779 1668 1928 1719 omni
1978 1685 2149 1736 opera,

242 1751 466 1816 solertia,
533 1753 795 1804 industria
857 1752 1177 1805 Clericorum
1240 1751 1534 1803 seminaria
1593 1770 1657 1803 ex
1718 1753 2148 1804 Tridentinorum

241 1837 464 1888 Patrum
490 1838 810 1906 praescripto
835 1838 1133 1901 instituere,
1159 1838 1204 1888 si
1244 1838 1481 1888 nondum
1519 1838 1775 1902 existunt,
1811 1842 1972 1906 atque
1997 1839 2151 1889 insti-

240 1928 378 1987 tuta,
404 1924 448 1974 si
474 1940 604 1991 opus
629 1924 807 1987 fuerit,
833 1921 1229 1992 amplificare.'’²

385 2008 500 2070 Quo
566 2027 684 2060 vero
751 2010 908 2061 modo
956 2009 1401 2077 praeclarissimus
1457 2009 1561 2060 iste
1611 2009 1862 2062 Pontifex
1912 2011 2151 2078 exemplo

240 2095 538 2146 exhibuerit
597 2095 740 2163 quod
799 2111 1031 2146 sermone
1089 2094 1338 2146 docuerat
1386 2111 1493 2146 non
1541 2099 1623 2146 est
1670 2100 1910 2147 nostrum
1960 2096 2149 2147 dicere.

230 2180 429 2232 .Manet
468 2181 629 2244 enim,
668 2184 725 2231 et
767 2180 869 2231 Dei
913 2179 1125 2231 favente
1168 2179 1376 2243 Gratia,
1419 2184 1694 2231 aeternum
1728 2182 1968 2232 manebit
1992 2180 2151 2248 hujus

241 2266 322 2316 sui
349 2266 516 2316 studii
541 2266 748 2334 insigne
773 2266 1200 2328 monumentum,
1227 2263 1582 2316 Seminarium
1602 2265 1762 2316 Pium
1787 2284 1881 2334 pro
1907 2267 2151 2318 omnibus

238 2349 476 2401 Dominii
502 2350 777 2402 Pontificii
810 2349 1149 2401 Dioecesibus
1187 2350 1525 2414 institutum,
1572 2367 1703 2418 opus
1737 2352 1957 2419 quidem
1998 2356 2151 2403 tanto

241 2436 456 2486 nomine
480 2436 723 2505 dignum.

383 2521 529 2571 Haec
563 2521 781 2588 quidem
816 2521 982 2571 totius
1008 2518 1274 2572 Ecclesiae
1306 2538 1419 2584 vox,
1444 2520 1512 2572 ab
1536 2521 1666 2589 ipsis
1692 2521 1806 2589 ejus
1831 2523 2151 2590 primordiiS,

238 2612 293 2657 et
335 2606 550 2673 quidem
592 2623 624 2656 a
662 2605 923 2673 Magistro
975 2605 1184 2658 Christo
1233 2607 1301 2658 ad
1345 2611 1585 2658 nostrum
1628 2624 1818 2658 aevum
1853 2608 2002 2659 nullo
2042 2625 2148 2658 non

240 2697 476 2759 tempore
542 2708 803 2754 resonans,
867 2709 986 2742 vere
1035 2691 1257 2743 traditio
1307 2693 1568 2759 quaedam
1620 2692 1991 2743 Ecclesiastica
2039 2693 2149 2744 dici

237 2781 431 2844 potest,
475 2776 600 2827 talis
643 2783 708 2827 ut
749 2777 1029 2828 indubiam
1068 2794 1309 2829 normam
1345 2777 1495 2828 nobis
1531 2782 1779 2845 praestet,
1804 2795 1910 2846 qua
1946 2780 2150 2830 ratione

238 2862 403 2912 clerus
446 2863 591 2912 omni
631 2862 895 2912 virtutum
934 2878 1122 2930 genere
1166 2866 1518 2929 comparatuS,
1560 2863 1629 2913 ad
1666 2880 1855 2931 agrum
1882 2863 2148 2914 Ecclesiae

239 2946 583 2998 excolendum
648 2947 972 3015 aptissimus,
1040 2947 1191 2998 nobis
1254 2948 1638 3014 suppeditetur.
1736 2948 1992 2999 Attamen
2042 2966 2148 2999 non

239 3032 409 3083 solum
433 3049 582 3083 aures
608 3033 698 3083 sed
741 3038 795 3083 et
836 3049 922 3083 cor
961 3036 1201 3083 nostrum
1238 3032 1467 3100 perculit
1508 3034 1612 3083 ista
1657 3032 1888 3100 Sponsae
1933 3032 2148 3097 Christi,

238 3122 547 3185 nostraeque
585 3117 777 3168 Matris
817 3135 935 3181 VOX,
979 3135 1174 3186 nosque
1201 3118 1258 3168 in
1278 3117 1488 3185 Synodo
1515 3118 1790 3181 excitavit,
1816 3123 1879 3169 ut
1904 3120 2148 3186 accinga-

237 3220 355 3253 mus
398 3202 602 3254 lumbos
649 3207 869 3265 nostro&
918 3204 986 3254 ad
1035 3204 1265 3271 amplius
1316 3209 1371 3254 et
1418 3204 1703 3270 perfectius
1761 3202 2145 3254 aedificandam

237 3287 372 3339 hanc
415 3288 633 3339 domum
675 3287 793 3350 Dei,
835 3289 892 3338 in
918 3305 1023 3355 qua
1047 3289 1286 3340 novellae
1310 3289 1570 3340 olivarum
1596 3288 1810 3339 sedeant
1834 3289 1893 3338 in
1918 3289 2144 3339 circuitu

237 3389 447 3424 mensae
513 3376 738 3436 nostrae,
806 3388 1015 3423 mensae
1079 3374 1298 3440 quidem
1365 3372 1624 3436 coelestiS,
1696 3389 1830 3440 quae
1908 3373 2145 3423 abundat

237 3458 479 3525 panibus,

382 3541 759 3610 Unusquisque
810 3543 1194 3611 Episcoporum
1239 3543 1339 3593 sibi
1388 3544 1636 3610 proponit
1685 3543 1830 3593 omni
1879 3542 2145 3593 industria

706 3697 727 3735 1
757 3695 919 3736 Bullar.
944 3696 1119 3736 Roman.
1146 3695 1303 3735 Bened.
1328 3695 1440 3735 XIV
1444 3725 1470 3744 .‚
1494 3707 1610 3734 num.
1635 3696 1675 3734 2.

749 3776 773 3814 2
801 3774 871 3814 Pii
899 3775 982 3815 IX.
1006 3776 1121 3815 ΒΜ.
1145 3777 1267 3825 Acta,
1297 3775 1400 3815 Part
1419 3775 1472 3825 1.,
1493 3788 1535 3827 p.
1563 3777 1626 3815 19.
