2534 4374
549 486 793 529 APPsND.
843 488 904 529 11.
990 487 1274 532 SYLLABUS
1316 489 1606 546 ERRORUM.
1901 476 2022 540 277

979 734 1004 796 g
1028 734 1184 785 VIII.

544 890 774 944 Errores
799 890 863 943 de
888 890 1256 945 Matrimonio
1285 891 1618 947 Christiana

271 1051 435 1101 LXV.
474 1049 636 1101 Nulla
660 1050 862 1101 ratione
888 1051 1006 1100 ferri
1040 1055 1232 1118 potest,
1274 1049 1540 1101 Christum
1582 1053 1807 1103 evexisse
1847 1054 2029 1103 matri-

116 1134 365 1186 monium
390 1132 458 1183 ad
482 1132 804 1201 dignitatem
833 1134 1161 1183 sacramenti.

385 1237 491 1278 Litt.
513 1238 662 1289 Apost.
685 1238 758 1276 Ad
774 1238 1005 1287 apostolicae
1024 1239 1076 1277 22
1095 1237 1294 1289 Augusti,
1323 1239 1437 1277 1851.

271 1343 465 1394 LXVI.
503 1343 837 1394 Matrimonii
882 1348 1265 1394 sacramentum
1308 1362 1413 1395 non
1455 1351 1531 1396 est
1582 1348 1682 1397 nisi
1732 1349 1859 1415 quid
1910 1366 2030 1399 con-

130 1426 324 1477 tractui
357 1425 698 1477 accessorium
730 1426 799 1476 ab
828 1442 993 1493 eoque
1018 1427 1319 1494 separabile,
1345 1429 1621 1497 ipsumque
1647 1437 2029 1482 sacramentum

129 1511 186 1562 in
209 1528 316 1562 una
340 1515 554 1562 tantum
579 1511 811 1579 nuptiali
837 1512 1205 1563 benedictione
1231 1513 1395 1563 situm
1422 1520 1517 1564 est.

385 1616 490 1656 Litt.
512 1616 660 1668 Apost.
677 1617 752 1656 Ad
767 1618 999 1666 apostolicae
1017 1618 1069 1657 22
1087 1616 1287 1669 Augusti,
1315 1620 1411 1657 1851
1422 1649 1431 1658 .

270 1727 499 1777 LXVII.
537 1726 574 1777 J
576 1743 667 1777 ure
703 1730 924 1777 naturae
960 1727 1291 1777 matrimonii
1330 1728 1600 1779 vinculum
1636 1746 1740 1779 non
1766 1736 1845 1780 est
1871 1732 2031 1781 indis-

128 1809 365 1872 solubile,
403 1814 457 1859 et
492 1809 552 1858 in
589 1809 746 1860 variis
784 1809 990 1860 casibus
1028 1809 1316 1860 divortium
1354 1811 1560 1878 proprie
1602 1812 1807 1862 dictum
1852 1820 2032 1863 aucto-

51 1924 53 1926 ·
128 1895 287 1945 ritate
311 1894 457 1944 civili
479 1895 672 1944 sanciri
697 1898 891 1961 potest.

382 1998 488 2039 Litt.
510 1998 659 2051 Apost.
682 1999 757 2038 Ad
773 2000 1003 2048 apostolicae
1024 2000 1074 2038 22
1093 1998 1295 2051 Augusti,
1323 2001 1439 2041 1851.

382 2066 519 2106 Alloc.
542 2066 850 2106 Acerbissimwm
870 2066 920 2108 27
940 2065 1212 2118 Septembris,
1240 2069 1356 2107 1852.

268 2175 525 2228 LXVIII.
565 2175 799 2226 Ecclesia
862 2191 970 2226 non
1036 2176 1198 2227 habet
1264 2180 1583 2244 potestatem
1649 2178 2030 2246 impedimenta

125 2262 523 2313 matrimonium
549 2261 854 2312 dirimentia
877 2261 1185 2324 inducendi,
1211 2262 1300 2312 sed
1325 2278 1386 2312 ea
1411 2266 1643 2329 potestas
1667 2264 1813 2314 civili
1851 2272 2030 2316 aucto-

126 2348 274 2398 ritati
299 2348 575 2415 competit,
600 2364 632 2397 a
656 2364 762 2415 qua
785 2347 1171 2415 impedimenta
1197 2347 1480 2398 existentia
1505 2347 1739 2398 tollenda
1765 2355 1904 2400 sunt.

381 2451 488 2491 Litt.
509 2450 658 2503 Apost.
681 2451 929 2500 Multiplices
950 2452 1056 2489 inter
1077 2451 1125 2489 10
1144 2449 1174 2489 J
1176 2449 1281 2500 unii,
1309 2450 1425 2489 1851.

268 2561 470 2612 LXIX.
508 2560 746 2630 Ecclesia
795 2560 1119 2628 sequioribus
1169 2559 1389 2611 saeculis
1442 2560 1747 2611 dirimentia
1805 2564 2032 2630 impedi-

124 2654 306 2701 menta
340 2650 588 2700 inducere
623 2649 817 2716 coepit,
850 2664 956 2699 non
984 2648 1106 2716 jure
1134 2648 1361 2715 propri0‚
1387 2648 1476 2698 sed
1501 2647 1595 2698 illo
1610 2648 1730 2715 jure
1756 2666 1866 2711 usa,
1890 2651 2028 2717 quod

108 2751 158 2785 a
181 2734 328 2785 civili
352 2737 615 2802 potestate
640 2738 889 2785 mutuata
914 2738 1043 2784 erat.

385 2836 491 2877 Litt-
509 2836 658 2889 Apost.
679 2837 754 2877 Ad
768 2838 999 2887 apostolicae
1019 2838 1069 2876 22
1086 2835 1287 2888 Augusti,
1312 2837 1428 2877 1851.

268 2945 439 2997 LXX.
477 2946 774 2997 Tridentini
812 2963 1050 3009 canoneS‚
1088 2947 1181 3013 qui
1218 2946 1573 2997 anathematis
1614 2964 1880 2998 censuram
1922 2948 2028 2998 illis

125 3030 375 3094 inferunt,
431 3032 525 3099 qui
581 3032 892 3083 facultatem
950 3032 1336 3100 impedimenta
1393 3032 1696 3082 dirimentia
1745 3032 2026 3084 inducendi

131 3116 394 3168 Ecclesiae
430 3134 621 3187 negare
657 3118 905 3182 audeant,
941 3117 1026 3168 vel
1062 3134 1169 3169 non
1208 3121 1331 3168 sunt
1367 3118 1655 3186 dogmatici
1699 3117 1781 3167 vel
1824 3118 1890 3169 de
1932 3118 2027 3168 hac

126 3206 372 3253 mutuata
396 3207 658 3271 potestate
683 3204 1022 3274 intelligendi
1049 3207 1188 3254 sunt.

381 3307 487 3348 Litt.
509 3308 658 3360 Apost.
680 3309 755 3349 Ad
770 3311 1001 3359 apostolicae
1020 3309 1070 3352 22
1090 3307 1289 3360 Augusti,
1316 3309 1431 3347 1851.

268 3415 470 3466 LXXI.
507 3416 807 3467 Tridentini
833 3417 999 3468 forma
1024 3416 1121 3466 sub
1146 3415 1471 3465 infirmitatis
1495 3430 1661 3481 poena
1686 3429 1789 3464 non
1810 3413 2027 3481 obligat,

125 3499 219 3552 ubi
242 3501 326 3552 lex
350 3500 522 3552 civilis
546 3501 708 3551 aliam
734 3502 954 3552 formam
978 3501 1312 3569 praestituat,
1339 3503 1395 3549 et
1425 3498 1555 3549 velit
1578 3497 1676 3549 hac
1703 3514 1837 3549 nova
1863 3499 2027 3549 forma

118 3585 506 3637 interveniente
530 3587 929 3637 matrimonium
955 3586 1141 3636 valere.

383 3688 490 3729 Litt.
511 3688 661 3742 Apost.
682 3688 757 3729 Aa
772 3690 1002 3739 apostolicae
1021 3690 1073 3728 22
1091 3687 1291 3741 Augusti,
1316 3688 1432 3728 1861.
