2534 4374
1045 485 1326 529 DECRETA.
2049 465 2133 527 43

379 630 467 681 27.
517 630 582 682 In
608 632 844 700 capitulo
869 633 972 685 erit
996 633 1277 684 canonicus
1301 632 1593 702 theologus,
1608 633 1702 701 qui
1729 632 1859 694 1000,
1879 631 2063 682 diebus
2083 636 2140 682 et

234 714 375 767 horis
399 715 467 767 ab
492 716 736 784 episcopo
762 716 1092 781 definiendiS,
1130 717 1381 769 lectiones
1406 719 1472 769 de
1505 724 1817 787 argumento
1854 718 2049 786 pariter
2073 716 2141 767 ab

233 802 478 869 episcopo
501 801 855 870 praefiniendo
879 803 1082 854 tradere
1106 803 1280 855 debet.

379 889 465 938 28.
517 885 810 939 Canonicus
845 889 1286 957 poenitentiarius
1322 890 1424 940 erit
1460 890 1689 959 insuper,
1737 890 1830 957 qui
1875 888 2141 940 tenebitur

233 972 414 1023 audire
453 973 795 1025 confessiones
836 975 895 1025 in
933 975 1152 1026 ecclesia
1190 975 1258 1026 ab
1294 976 1537 1043 episcopo
1580 976 1873 1043 designata,
1907 980 2140 1043 tempore

233 1058 525 1121 Adventu8‚
545 1058 1002 1129 Quadragesimae,
1018 1078 1079 1111 ac
1094 1060 1212 1111 aliis
1231 1062 1633 1129 quibuscunque
1651 1062 1778 1112 anni
1799 1062 2140 1129 temporibus,

234 1160 372 1212 quae
396 1145 671 1212 episcopus
695 1144 779 1195 illi
804 1146 1209 1213 praescripserit.

378 1232 466 1282 29.
515 1229 752 1281 Vacante
777 1231 1091 1281 canonicatu
1116 1230 1405 1301 theologali
1443 1234 1525 1284 vel
1555 1233 1981 1301 poenitentiariO,
2019 1250 2141 1283 con-

234 1332 414 1366 cursus
473 1316 577 1367 erit
635 1315 906 1366 habendus
954 1316 1095 1367 inter
1141 1334 1227 1368 eos
1275 1318 1371 1385 qui
1430 1318 1704 1370 licentiam
1766 1320 1847 1369 sui
1909 1319 2138 1387 episcopi

235 1398 518 1451 habuerint
540 1401 609 1451 ad
634 1400 1065 1464 concurrendum,
1098 1406 1152 1452 et
1178 1403 1246 1453 ab
1269 1404 1514 1471 episcopo
1552 1404 1653 1454 loci
1687 1404 1885 1454 fuerint
1909 1405 2142 1467 admissi,

233 1490 300 1537 ut
322 1502 387 1537 ex
410 1486 714 1554 approbatis
738 1485 798 1536 in
823 1502 1075 1537 concursu
1100 1486 1154 1538 S.
1182 1486 1341 1539 Sedes
1365 1488 1450 1539 vel
1487 1490 1759 1556 episcopus
1784 1489 1950 1559 eligat
1975 1492 2142 1559 magis

232 1571 503 1622 idoneum.
573 1570 684 1621 Alii
699 1570 818 1639 jam
842 1572 1083 1623 canonici
1120 1576 1343 1640 possunt
1378 1589 1696 1637 concurrere,
1730 1574 1775 1624 si
1808 1575 2007 1626 fuerint
2042 1577 2143 1626 rite

233 1656 469 1708 admissi.

380 1742 466 1792 30.
515 1741 848 1794 Alternativa
871 1743 1160 1811 propositio
1178 1743 1344 1794 trium
1363 1744 1765 1796 candidatorum
1783 1746 1851 1796 ad
1870 1747 2144 1798 canonica-

234 1832 354 1878 tum
377 1831 674 1892 vacantem,
699 1845 732 1879 a
758 1827 812 1880 S.
840 1827 975 1880 Sede
999 1846 1257 1893 concessa,
1283 1830 1459 1880 locum
1484 1847 1591 1881 non
1616 1831 1776 1882 habet
1810 1833 1866 1882 in
1903 1834 2144 1884 nomina-

233 1913 381 1964 tione
405 1914 647 1964 canonici
671 1912 908 1982 theologi
932 1915 1017 1966 vel
1041 1915 1460 1983 poenitentiarii,
1481 1916 1526 1966 si
1552 1932 1613 1966 ea
1632 1917 1747 1967 vice
1762 1918 2058 1969 nominatio
2076 1919 2144 1970 ad

233 1999 533 2067 capitulum
558 2003 794 2067 spectare
818 2002 1121 2070 contigerit.
1194 2001 1528 2053 Alternativa
1564 2003 1863 2071 designatio
1896 2005 2145 2056 candida-

233 2088 409 2136 torum
434 2102 589 2135 suum
614 2102 825 2137 cursum
850 2086 1010 2138 debet
1040 2086 1248 2150 habere,
1278 2087 1448 2139 veluti
1485 2089 1530 2138 si
1562 2090 1859 2141 nominatio
1892 2089 2144 2159 theologi,

233 2170 650 2238 poenitentiarii,
674 2171 760 2223 vel
785 2172 1069 2240 dignitatis
1093 2189 1201 2224 non
1224 2173 1617 2225 intercessisset.

379 2257 465 2307 31.
515 2255 583 2306 In
631 2257 803 2324 primo
852 2262 1118 2310 conventu
1178 2259 1510 2327 singulorum
1569 2276 1844 2324 annorum,
1905 2261 2144 2314 canonici

235 2341 437 2410 eligent
478 2341 837 2395 secretarium
875 2343 1118 2412 capituli,
1161 2340 1598 2409 thesaurarium,
1646 2351 1703 2398 et
1750 2345 2041 2399 sacristam
2090 2355 2145 2400 et

233 2425 755 2493 caeremoniarium,
780 2446 874 2497 pro
897 2429 1051 2481 rebus
1075 2433 1132 2481 et
1155 2430 1461 2482 muneribus
1485 2431 1554 2482 ad
1578 2432 1879 2499 capitulum
1905 2440 2145 2503 spectan-

235 2513 399 2565 tibus.

379 2600 465 2651 32.
516 2596 838 2652 Secretarius
861 2599 1020 2651 debet
1043 2604 1288 2657 accurate
1310 2602 1649 2654 transcribere
1672 2608 1793 2654 acta
1824 2606 2066 2673 capituli,
2090 2612 2146 2659 et

232 2685 414 2736 omnia
437 2684 756 2736 documenta
778 2685 947 2754 ipsius
970 2687 1186 2738 nomine
1201 2687 1468 2739 mittenda
1491 2687 1577 2739 vel
1600 2694 1811 2757 recepta
1835 2708 2009 2743 coram
2030 2698 2146 2745 toto

234 2770 473 2838 capitulo
496 2770 793 2840 praelegere
817 2771 994 2839 prima
1012 2773 1235 2823 sessione
1253 2774 1492 2841 proxime
1516 2774 1773 2826 habenda.
1818 2777 1900 2828 Ad
1917 2778 2144 2830 valorem

234 2856 674 2908 documentorum
712 2857 1000 2924 requiritur
1042 2858 1307 2926 appositio
1356 2859 1521 2929 sigilli
1571 2861 1878 2928 capitularis
1921 2868 1977 2914 et
2025 2865 2146 2916 sub-

235 2943 451 3010 scriptio
475 2943 764 3011 praepositi
789 2947 846 2994 et
870 2944 1154 3007 secretarii,
1169 2943 1254 2995 vel
1273 2961 1451 2995 eorum
1475 2946 1570 3012 qui
1590 2947 1908 2998 auctoritate
1922 2950 2145 3016 capituli

234 3028 471 3096 ipsorum
495 3028 610 3079 vice
634 3028 949 3098 fimguntur.
1023 3027 1276 3081 Custodia
1300 3029 1465 3099 sigilli
1488 3035 1570 3082 est
1593 3032 1735 3099 apud
1769 3035 2145 3102 praepositum,

234 3118 293 3165 et
315 3113 459 3181 apud
483 3114 822 3165 secretarium
846 3132 970 3165 cum
994 3115 1198 3166 duabus
1222 3115 1457 3166 clavibus
1482 3116 1716 3168 diversis.

383 3200 469 3250 33.
518 3198 891 3251 Thesaurarius
933 3200 1195 3251 rationem
1236 3201 1295 3251 in
1338 3202 1562 3252 sessione
1600 3200 1839 3253 Januarii
1876 3204 2058 3256 reddet
2081 3206 2147 3257 de

237 3284 484 3336 omnibus
507 3284 750 3352 pecuniis
767 3284 836 3335 ad
861 3285 1158 3352 capitulum
1174 3286 1645 3353 quomodocunque
1668 3288 2075 3355 pertinentibuS,
2091 3295 2148 3341 et

238 3369 434 3437 absque
458 3369 683 3437 capituli
708 3370 918 3421 decreto
942 3369 1062 3421 illas
1086 3370 1379 3438 expendere
1402 3371 1609 3438 nequit.

385 3456 470 3506 34.
522 3452 970 3506 Caeremoniarius
1012 3460 1069 3507 et
1110 3456 1325 3506 sacrista
1363 3455 1558 3506 debent
1599 3473 1776 3507 curare
1824 3463 1888 3507 ut
1931 3460 2147 3511 ecclesia

241 3540 552 3608 disponatur
575 3540 644 3591 ad
668 3540 965 3592 functiones
989 3541 1303 3610 capitulares
1338 3542 1398 3591 in
1430 3542 1545 3608 ipsa
1580 3542 1918 3609 peragendas·
1993 3543 2148 3596 Prae-

240 3628 385 3676 terea
425 3641 643 3676 munere
674 3630 1052 3693 punctatorum
1091 3626 1411 3694 fungentur3
1448 3627 1528 3676 ita
1561 3630 1625 3676 ut
1666 3626 1733 3676 ad
1771 3628 1911 3694 ipsos
1947 3635 2150 3695 spectet

239 3711 481 3762 absentes
504 3715 779 3778 punctare,
804 3712 1262 3779 praesentiumque
1300 3712 1669 3762 canonicorum
1701 3716 1884 3762 notam
1922 3713 1979 3763 in
2014 3713 2147 3766 libro

241 3795 524 3863 capitulari
548 3799 742 3847 tenere.
817 3795 1083 3863 Episcopo
1125 3812 1245 3846 vero
1284 3795 1508 3846 liberum
1552 3795 1670 3858 erit,
1714 3800 1776 3845 ut
1814 3798 2054 3864 exquirat
2085 3815 2147 3849 ac

243 3881 510 3930 examinet
531 3879 728 3931 librum
753 3896 858 3947 quo
883 3880 1252 3930 canonicorum
1278 3880 1572 3947 frequentia
1596 3879 1895 3931 adnotatur.
