2534 4374
445 449 527 507 66
1021 462 1181 504 coNc.
1227 462 1396 503 PRov.
1440 460 1660 502 wner.
1709 461 1749 501 1.

443 614 844 666 Sanctissimum
869 613 1269 665 Sacramentum
1294 614 1352 663 in
1376 614 1443 664 iis
1467 613 1650 665 haberi
1685 614 1883 681 possit3
1938 615 2020 666 ita
2050 619 2232 668 tamen
2267 620 2334 668 ut

433 699 638 766 judicio
680 701 844 767 ipsius
870 699 1118 766 Episcopi
1163 697 1387 748 oratoria
1430 698 1733 765 hujusmodi
1769 696 2006 767 publica
2042 700 2129 752 vel
2167 699 2335 770 quasi

434 782 668 854 publica
700 785 1023 836 habeantur:
1077 785 1289 851 insuper
1322 799 1442 833 vero
1468 784 1710 850 quotidie
1734 785 1819 836 vel
1844 786 2033 837 saltem
2056 786 2114 838 in
2139 786 2334 839 hebdo-

439 871 595 922 mada
647 869 1045 922 Sacrosanctum
1088 867 1285 919 Missae
1329 866 1660 919 Sacrificium
1707 870 1767 920 in
1813 869 2004 921 iisdem
2051 870 2332 923 offeratur:

440 953 654 1003 demum
679 951 894 1002 servatis
918 950 1180 1001 servandis
1205 953 1366 1018 atque
1390 949 1733 1015 Antistitum,
1759 968 1855 1003 nec
1877 968 1986 1003 non
2010 953 2239 1004 virorum
2262 954 2333 1004 ad

438 1054 566 1104 quos
590 1036 818 1103 capellae
841 1035 1128 1102 pertinent,
1154 1039 1368 1086 onerata
1392 1036 1730 1089 conscientia.

581 1119 716 1172 Cum
740 1137 858 1171 vero
884 1119 1258 1170 Sanctissimus
1282 1119 1540 1171 Dominus
1565 1119 1757 1172 Noster
1781 1121 2334 1175 Eminentissimorum

437 1206 545 1257 PP.
573 1201 891 1256 sententiam
914 1205 973 1255 in
997 1205 1241 1256 omnibus
1265 1205 1581 1272 probaverit,
1607 1206 1991 1275 facultatesque
2015 1212 2334 1277 opportunas

436 1293 504 1343 ad
531 1291 584 1343 S.
605 1291 753 1343 Sedis
770 1291 1163 1359 beneplacitum
1181 1290 1444 1355 tribuerit,
1463 1291 1591 1343 haec
1610 1292 1977 1361 significantur
1995 1293 2336 1346 Eminentiae

437 1377 591 1442 Suae,
633 1381 698 1428 ut
739 1378 931 1428 caeteri
979 1393 1189 1444 quoque
1233 1377 1460 1445 Angliae
1495 1377 1780 1430 Antistites
1820 1379 2027 1448 regulas
2069 1395 2133 1431 ea
2173 1379 2240 1432 de
2277 1396 2335 1432 re
2445 1400 2447 1402 ·

435 1463 712 1516 servandas
735 1466 1027 1531 opportune
1051 1462 1356 1531 dignoscere
1380 1463 1609 1515 valeant.

578 1549 701 1602 Dat.
776 1548 976 1600 Romae
1023 1563 1089 1599 ex
1123 1546 1253 1599 Aed.
1302 1547 1358 1601 S.
1409 1546 1467 1600 C.
1517 1549 1583 1600 de
1639 1549 1986 1620 Propaganda
2041 1549 2195 1616 Fide,
2247 1548 2335 1603 die

372 1671 377 1675 -
438 1638 509 1688 14
532 1634 687 1699 Maii,
715 1633 870 1686 1853.

720 1775 786 1829 L
821 1773 876 1828 ’Β
910 1772 950 1830 S
1268 1700 1325 1758 J.
1349 1703 1449 1757 Ph.
1475 1703 1645 1758 CARD.
1670 1705 1976 1771 FRANsom,
1998 1705 2191 1778 Praef.

1573 1848 1657 1901 Al.
1684 1847 1965 1917 BARNABo,
1988 1867 2026 1903 a
2047 1849 2262 1904 seeretis

1306 2027 1472 2080 XIII.

757 2151 1146 2211 EXTENSIO,
1174 2150 1548 2204 TEMPORIS
1595 2149 2012 2206 PASCHALIS.

439 2267 753 2321 Baetissime
778 2267 954 2332 Pater,

580 2361 804 2414 Attenta
849 2360 1119 2430 paucitate
1165 2357 1618 2412 Missionariorum
1663 2375 1758 2428 per
1797 2358 2066 2429 Angliam,
2106 2373 2335 2428 cumque

439 2448 680 2511 Hiberni,
704 2463 927 2514 quorum
950 2446 1124 2513 plures
1148 2446 1207 2497 in
1231 2445 1425 2515 Anglia
1449 2445 1672 2513 degunt,
1694 2446 2053 2496 extensionem
2081 2446 2334 2513 temporis

440 2531 508 2581 ad
543 2529 793 2581 Paschale
833 2531 1174 2596 praeceptum
1215 2527 1620 2595 adimplendum
1656 2526 2004 2589 obtinuerint,
2034 2526 2335 2595 Archiepis-

441 2632 600 2683 copus
623 2618 679 2666 et
703 2614 952 2682 Episcopi
977 2612 1202 2665 Concilii
1225 2612 1564 2680 provincialis
1598 2612 1826 2681 Angliae
1857 2615 2055 2679 petunt
2087 2629 2183 2680 pro
2215 2616 2332 2664 toto

441 2700 666 2767 Angliae
691 2700 1048 2750 extensionem
1073 2700 1324 2766 temporis
1349 2698 1618 2750 Paschalis
1641 2715 1674 2749 a
1705 2698 1836 2749 feria
1867 2697 1949 2748 IV
1981 2696 2228 2750 Cinctum
2263 2697 2332 2748 ad

441 2785 775 2836 Dominicam
800 2784 858 2832 in
882 2783 1031 2833 albis.
1815 2812 1821 2815 -
2209 2823 2211 2826 Α

583 2869 667 2921 Ex
689 2868 960 2920 audientia
984 2866 1317 2920 Sanctissimi
1339 2868 1522 2920 habita
1545 2868 1634 2920 die
1662 2870 1727 2919 13
1751 2867 1956 2931 Martii,
1982 2867 2138 2920 1853.

585 2954 959 3006 Sanctissimus
1014 2954 1273 3005 Dominus
1329 2953 1521 3005 Noster
1575 2954 1707 3005 Pius
1762 2954 1946 3005 divina
1999 2952 2332 3020 providentia

443 3040 551 3093 PP.
578 3039 678 3102 IX,
701 3038 955 3090 referente
978 3038 1310 3106 infrasclipto
1347 3038 1535 3091 Sacrae
1568 3038 1998 3107 Congregationis
2033 3038 2100 3088 de
2135 3037 2332 3105 Propa-

442 3126 615 3196 ganda
662 3124 799 3175 Fide
858 3124 1148 3187 secretario,
1196 3141 1260 3174 ex
1316 3127 1441 3176 voto
1490 3123 2046 3176 Eminentissimorum
2108 3121 2331 3174 Patrum

443 3211 676 3279 ejusdem
735 3225 906 3260 sacrae
967 3206 1415 3277 CongregationiS,
1482 3208 1708 3279 benigne
1777 3206 1989 3273 annuit,
2055 3207 2330 3260 contrariis

440 3296 854 3364 quibuscumque
876 3309 984 3345 non
1007 3294 1352 3345 obstantibus.

584 3387 784 3438 Datum
809 3385 1026 3450 Romae,
1049 3402 1113 3437 ex
1137 3386 1369 3437 Aedibus
1405 3384 1460 3438 S.
1487 3383 1544 3438 O.
1573 3385 1641 3437 de
1669 3383 2016 3456 Propaganda
2050 3383 2202 3450 Fide,
2237 3383 2328 3437 die

443 3473 514 3524 14
535 3470 689 3532 Maii,
718 3472 872 3522 1853.

583 3562 765 3616 Gratis
788 3563 901 3616 sine
923 3561 1035 3615 ulla
1057 3562 1274 3614 omnino
1297 3562 1559 3615 solutione
1582 3578 1890 3631 quocunque
1913 3559 2094 3614 titulo.

724 3724 770 3775 L
824 3722 876 3774 ᾧ
911 3722 949 3775 S
1547 3653 1632 3703 Al.
1657 3651 1936 3716 BARNABo,
1958 3667 1997 3703 a
2018 3650 2251 3707 secretis-
