<?xml version="1.0" encoding="UTF-8"?>
<!DOCTYPE html PUBLIC "-//W3C//DTD XHTML 1.0 Transitional//EN"
    "http://www.w3.org/TR/xhtml1/DTD/xhtml1-transitional.dtd">
<html xmlns="http://www.w3.org/1999/xhtml" xml:lang="en" lang="en">
 <head>
  <title>
</title>
<meta http-equiv="Content-Type" content="text/html;charset=utf-8" />
  <meta name='ocr-system' content='tesseract 3.04.00' />
  <meta name='ocr-capabilities' content='ocr_page ocr_carea ocr_par ocr_line ocrx_word'/>
</head>
<body>
  <div class='ocr_page' id='page_1' title='image "a613744800cathuoft_0366.png"; bbox 0 0 2534 4374; ppageno 0'>
   <div class='ocr_carea' id='block_1_1' title="bbox 449 406 1556 463">
    <p class='ocr_par' dir='ltr' id='par_1_1' title="bbox 449 406 1556 463">
     <span class='ocr_line' id='line_1_1' title="bbox 449 406 1556 463; baseline -0.003 0"><span class='ocrx_word' id='word_1_1' title='bbox 449 406 570 463; x_wconf 70' lang='lat'>348</span> <span class='ocrx_word' id='word_1_2' title='bbox 1235 421 1474 462; x_wconf 77' lang='lat' dir='ltr'>Annmo</span> <span class='ocrx_word' id='word_1_3' title='bbox 1518 423 1556 463; x_wconf 94' lang='lat'>1.</span> 
     </span>
    </p>
   </div>
   <div class='ocr_carea' id='block_1_2' title="bbox 440 563 2357 1147">
    <p class='ocr_par' dir='ltr' id='par_1_2' title="bbox 440 563 2357 1147">
     <span class='ocr_line' id='line_1_2' title="bbox 440 563 2351 634; baseline 0.003 -21"><span class='ocrx_word' id='word_1_4' title='bbox 440 567 603 613; x_wconf 65' lang='lat' dir='ltr'>essent</span> <span class='ocrx_word' id='word_1_5' title='bbox 642 563 779 613; x_wconf 86' lang='lat' dir='ltr'>inter</span> <span class='ocrx_word' id='word_1_6' title='bbox 818 579 869 612; x_wconf 91' lang='lat' dir='ltr'>se</span> <span class='ocrx_word' id='word_1_7' title='bbox 908 565 1035 629; x_wconf 84' lang='lat' dir='ltr'>apta</span> <span class='ocrx_word' id='word_1_8' title='bbox 1076 564 1133 611; x_wconf 90' lang='lat' dir='ltr'>et</span> <span class='ocrx_word' id='word_1_9' title='bbox 1171 577 1419 626; x_wconf 85' lang='lat' dir='ltr'>connexa,</span> <span class='ocrx_word' id='word_1_10' title='bbox 1458 580 1519 613; x_wconf 93' lang='lat' dir='ltr'>ac</span> <span class='ocrx_word' id='word_1_11' title='bbox 1558 563 1758 615; x_wconf 88' lang='lat' dir='ltr'>sodales</span> <span class='ocrx_word' id='word_1_12' title='bbox 1808 565 2006 633; x_wconf 88' lang='lat' dir='ltr'>singuli</span> <span class='ocrx_word' id='word_1_13' title='bbox 2052 570 2244 634; x_wconf 87' lang='lat' dir='ltr'>pacato</span> <span class='ocrx_word' id='word_1_14' title='bbox 2293 573 2351 618; x_wconf 89' lang='lat' dir='ltr'>et</span> 
     </span>
     <span class='ocr_line' id='line_1_3' title="bbox 442 647 2351 716; baseline 0.003 -19"><span class='ocrx_word' id='word_1_15' title='bbox 442 647 710 714; x_wconf 71' lang='lat' dir='ltr'>aequabili</span> <span class='ocrx_word' id='word_1_16' title='bbox 735 648 878 697; x_wconf 84' lang='lat' dir='ltr'>vitae</span> <span class='ocrx_word' id='word_1_17' title='bbox 902 663 1055 696; x_wconf 89' lang='lat' dir='ltr'>cursu</span> <span class='ocrx_word' id='word_1_18' title='bbox 1080 650 1385 709; x_wconf 83' lang='lat' dir='ltr'>uterentur3</span> <span class='ocrx_word' id='word_1_19' title='bbox 1425 648 1654 716; x_wconf 91' lang='lat' dir='ltr'>denique</span> <span class='ocrx_word' id='word_1_20' title='bbox 1686 653 1753 700; x_wconf 92' lang='lat' dir='ltr'>ut</span> <span class='ocrx_word' id='word_1_21' title='bbox 1785 654 1922 701; x_wconf 89' lang='lat' dir='ltr'>esset</span> <span class='ocrx_word' id='word_1_22' title='bbox 1944 651 2270 704; x_wconf 88' lang='lat' dir='ltr'>incremento</span> <span class='ocrx_word' id='word_1_23' title='bbox 2295 658 2351 703; x_wconf 88' lang='lat' dir='ltr'>et</span> 
     </span>
     <span class='ocr_line' id='line_1_4' title="bbox 446 728 2349 800; baseline 0.004 -19"><span class='ocrx_word' id='word_1_24' title='bbox 446 733 755 798; x_wconf 87' lang='lat' dir='ltr'>perfectioni</span> <span class='ocrx_word' id='word_1_25' title='bbox 778 728 1066 796; x_wconf 70' lang='lat' dir='ltr'>reliyiosae</span> <span class='ocrx_word' id='word_1_26' title='bbox 1089 730 1550 784; x_wconf 72' lang='lat' dir='ltr'>conversationi-3¹</span> <span class='ocrx_word' id='word_1_27' title='bbox 1573 734 1893 800; x_wconf 89' lang='lat' dir='ltr'>consultum,</span> <span class='ocrx_word' id='word_1_28' title='bbox 1911 735 2054 787; x_wconf 90' lang='lat' dir='ltr'>haud</span> <span class='ocrx_word' id='word_1_29' title='bbox 2079 737 2349 788; x_wconf 86' lang='lat' dir='ltr'>immerito</span> 
     </span>
     <span class='ocr_line' id='line_1_5' title="bbox 449 817 2354 886; baseline 0.004 -21"><span class='ocrx_word' id='word_1_30' title='bbox 449 817 674 866; x_wconf 85' lang='lat' dir='ltr'>Romani</span> <span class='ocrx_word' id='word_1_31' title='bbox 723 817 1026 881; x_wconf 78' lang='lat' dir='ltr'>PontificeS,</span> <span class='ocrx_word' id='word_1_32' title='bbox 1070 834 1293 885; x_wconf 89' lang='lat' dir='ltr'>quorum</span> <span class='ocrx_word' id='word_1_33' title='bbox 1342 823 1423 869; x_wconf 90' lang='lat' dir='ltr'>est</span> <span class='ocrx_word' id='word_1_34' title='bbox 1470 820 1728 872; x_wconf 80' lang='lat' dir='ltr'>dioeceses</span> <span class='ocrx_word' id='word_1_35' title='bbox 1777 821 2083 886; x_wconf 82' lang='lat' dir='ltr'>describere,</span> <span class='ocrx_word' id='word_1_36' title='bbox 2125 839 2186 873; x_wconf 90' lang='lat' dir='ltr'>ac</span> <span class='ocrx_word' id='word_1_37' title='bbox 2235 839 2354 874; x_wconf 90' lang='lat' dir='ltr'>suos</span> 
     </span>
     <span class='ocr_line' id='line_1_6' title="bbox 447 903 2354 975; baseline 0.005 -25"><span class='ocrx_word' id='word_1_38' title='bbox 447 903 637 968; x_wconf 85' lang='lat' dir='ltr'>cuique</span> <span class='ocrx_word' id='word_1_39' title='bbox 687 903 924 952; x_wconf 88' lang='lat' dir='ltr'>subditos</span> <span class='ocrx_word' id='word_1_40' title='bbox 973 920 1116 953; x_wconf 89' lang='lat' dir='ltr'>sacra</span> <span class='ocrx_word' id='word_1_41' title='bbox 1163 909 1426 970; x_wconf 77' lang='lat' dir='ltr'>potestate</span> <span class='ocrx_word' id='word_1_42' title='bbox 1475 906 1735 975; x_wconf 87' lang='lat' dir='ltr'>regundos</span> <span class='ocrx_word' id='word_1_43' title='bbox 1784 907 2101 971; x_wconf 82' lang='lat' dir='ltr'>adtribuere,</span> <span class='ocrx_word' id='word_1_44' title='bbox 2146 906 2354 959; x_wconf 87' lang='lat' dir='ltr'>Clerum</span> 
     </span>
     <span class='ocr_line' id='line_1_7' title="bbox 450 986 2352 1060; baseline 0.005 -26"><span class='ocrx_word' id='word_1_45' title='bbox 450 986 766 1054; x_wconf 85' lang='lat' dir='ltr'>Regularem</span> <span class='ocrx_word' id='word_1_46' title='bbox 791 987 1172 1055; x_wconf 87' lang='lat' dir='ltr'>Episcoporum</span> <span class='ocrx_word' id='word_1_47' title='bbox 1188 990 1564 1057; x_wconf 89' lang='lat' dir='ltr'>jurisdictione</span> <span class='ocrx_word' id='word_1_48' title='bbox 1582 995 1891 1060; x_wconf 85' lang='lat' dir='ltr'>exemptum</span> <span class='ocrx_word' id='word_1_49' title='bbox 1909 1010 2016 1044; x_wconf 89' lang='lat' dir='ltr'>esse</span> <span class='ocrx_word' id='word_1_50' title='bbox 2036 997 2352 1044; x_wconf 88' lang='lat' dir='ltr'>statuerunt.</span> 
     </span>
     <span class='ocr_line' id='line_1_8' title="bbox 452 1071 2357 1147; baseline 0.005 -28"><span class='ocrx_word' id='word_1_51' title='bbox 452 1071 612 1138; x_wconf 78' lang='lat' dir='ltr'>Cujus</span> <span class='ocrx_word' id='word_1_52' title='bbox 644 1072 721 1122; x_wconf 90' lang='lat' dir='ltr'>rei</span> <span class='ocrx_word' id='word_1_53' title='bbox 749 1088 856 1122; x_wconf 93' lang='lat' dir='ltr'>non</span> <span class='ocrx_word' id='word_1_54' title='bbox 890 1090 951 1123; x_wconf 89' lang='lat' dir='ltr'>ea</span> <span class='ocrx_word' id='word_1_55' title='bbox 980 1073 1088 1124; x_wconf 85' lang='lat' dir='ltr'>fuit</span> <span class='ocrx_word' id='word_1_56' title='bbox 1120 1091 1274 1126; x_wconf 87' lang='lat' dir='ltr'>causa</span> <span class='ocrx_word' id='word_1_57' title='bbox 1300 1077 1442 1144; x_wconf 91' lang='lat' dir='ltr'>quod</span> <span class='ocrx_word' id='word_1_58' title='bbox 1473 1077 1732 1145; x_wconf 89' lang='lat' dir='ltr'>placuerit</span> <span class='ocrx_word' id='word_1_59' title='bbox 1758 1078 2027 1147; x_wconf 90' lang='lat' dir='ltr'>religiosas</span> <span class='ocrx_word' id='word_1_60' title='bbox 2052 1078 2357 1130; x_wconf 73' lang='lat' dir='ltr'>sodalitates</span> 
     </span>
    </p>
   </div>
   <div class='ocr_carea' id='block_1_3' title="bbox 2489 0 2534 963">
    <p class='ocr_par' dir='ltr' id='par_1_3' title="bbox 2489 0 2534 963">
     <span class='ocr_line' id='line_1_9' title="bbox 2489 0 2534 963; baseline 0 0"><span class='ocrx_word' id='word_1_61' title='bbox 2489 0 2534 963; x_wconf 95' lang='lat' dir='ltr'> </span> 
     </span>
    </p>
   </div>
   <div class='ocr_carea' id='block_1_4' title="bbox 450 1158 2534 1230">
    <p class='ocr_par' dir='ltr' id='par_1_4' title="bbox 450 1158 2534 1230">
     <span class='ocr_line' id='line_1_10' title="bbox 450 1158 2534 1230; baseline 0.003 -24"><span class='ocrx_word' id='word_1_62' title='bbox 450 1158 653 1224; x_wconf 88' lang='lat' dir='ltr'>potiore</span> <span class='ocrx_word' id='word_1_63' title='bbox 701 1159 1007 1210; x_wconf 87' lang='lat' dir='ltr'>conditione</span> <span class='ocrx_word' id='word_1_64' title='bbox 1054 1160 1161 1211; x_wconf 89' lang='lat' dir='ltr'>frui</span> <span class='ocrx_word' id='word_1_65' title='bbox 1207 1178 1369 1230; x_wconf 90' lang='lat' dir='ltr'>quam</span> <span class='ocrx_word' id='word_1_66' title='bbox 1419 1163 1619 1213; x_wconf 89' lang='lat' dir='ltr'>clerum</span> <span class='ocrx_word' id='word_1_67' title='bbox 1668 1163 2015 1225; x_wconf 87' lang='lat' dir='ltr'>saecularem3</span> <span class='ocrx_word' id='word_1_68' title='bbox 2078 1163 2168 1214; x_wconf 88' lang='lat' dir='ltr'>sed</span> <span class='ocrx_word' id='word_1_69' title='bbox 2216 1163 2358 1230; x_wconf 86' lang='lat' dir='ltr'>quod</span> <span class='ocrx_word' id='word_1_70' title='bbox 2438 1225 2441 1229; x_wconf 74' lang='lat'><em>,</em></span> <span class='ocrx_word' id='word_1_71' title='bbox 2523 1167 2534 1183; x_wconf 76' lang='lat'><strong>¹</strong></span> 
     </span>
    </p>
   </div>
   <div class='ocr_carea' id='block_1_5' title="bbox 448 1243 2365 2085">
    <p class='ocr_par' dir='ltr' id='par_1_5' title="bbox 448 1243 2365 2085">
     <span class='ocr_line' id='line_1_11' title="bbox 448 1243 2360 1317; baseline 0.004 -26"><span class='ocrx_word' id='word_1_72' title='bbox 448 1259 628 1292; x_wconf 85' lang='lat' dir='ltr'>earum</span> <span class='ocrx_word' id='word_1_73' title='bbox 677 1243 863 1295; x_wconf 87' lang='lat' dir='ltr'>domus</span> <span class='ocrx_word' id='word_1_74' title='bbox 911 1245 1125 1297; x_wconf 89' lang='lat' dir='ltr'>habitae</span> <span class='ocrx_word' id='word_1_75' title='bbox 1185 1247 1384 1298; x_wconf 85' lang='lat' dir='ltr'>fuerint</span> <span class='ocrx_word' id='word_1_76' title='bbox 1424 1248 1561 1316; x_wconf 90' lang='lat' dir='ltr'>juris</span> <span class='ocrx_word' id='word_1_77' title='bbox 1621 1248 1838 1301; x_wconf 90' lang='lat' dir='ltr'>fictione</span> <span class='ocrx_word' id='word_1_78' title='bbox 1886 1248 2038 1317; x_wconf 87' lang='lat' dir='ltr'>quasi</span> <span class='ocrx_word' id='word_1_79' title='bbox 2096 1247 2360 1299; x_wconf 88' lang='lat' dir='ltr'>territoria</span> 
     </span>
     <span class='ocr_line' id='line_1_12' title="bbox 450 1328 2360 1403; baseline 0.003 -26"><span class='ocrx_word' id='word_1_80' title='bbox 450 1328 712 1394; x_wconf 89' lang='lat' dir='ltr'>quaedam</span> <span class='ocrx_word' id='word_1_81' title='bbox 752 1329 821 1380; x_wconf 90' lang='lat' dir='ltr'>ab</span> <span class='ocrx_word' id='word_1_82' title='bbox 858 1331 986 1398; x_wconf 89' lang='lat' dir='ltr'>ipsis</span> <span class='ocrx_word' id='word_1_83' title='bbox 1026 1332 1347 1384; x_wconf 84' lang='lat' dir='ltr'>dioecesibus</span> <span class='ocrx_word' id='word_1_84' title='bbox 1387 1335 1584 1386; x_wconf 86' lang='lat' dir='ltr'>avulsa.</span> <span class='ocrx_word' id='word_1_85' title='bbox 1658 1334 1742 1385; x_wconf 81' lang='lat' dir='ltr'>Ex</span> <span class='ocrx_word' id='word_1_86' title='bbox 1783 1351 1889 1403; x_wconf 92' lang='lat' dir='ltr'>quo</span> <span class='ocrx_word' id='word_1_87' title='bbox 1932 1335 2135 1384; x_wconf 90' lang='lat' dir='ltr'>factum</span> <span class='ocrx_word' id='word_1_88' title='bbox 2175 1338 2256 1385; x_wconf 89' lang='lat' dir='ltr'>est</span> <span class='ocrx_word' id='word_1_89' title='bbox 2295 1338 2360 1384; x_wconf 90' lang='lat' dir='ltr'>ut</span> 
     </span>
     <span class='ocr_line' id='line_1_13' title="bbox 452 1413 2362 1487; baseline 0.003 -25"><span class='ocrx_word' id='word_1_90' title='bbox 452 1413 723 1482; x_wconf 84' lang='lat' dir='ltr'>religiosae</span> <span class='ocrx_word' id='word_1_91' title='bbox 766 1415 1018 1479; x_wconf 88' lang='lat' dir='ltr'>familiae,</span> <span class='ocrx_word' id='word_1_92' title='bbox 1063 1434 1192 1484; x_wconf 90' lang='lat' dir='ltr'>quas</span> <span class='ocrx_word' id='word_1_93' title='bbox 1231 1417 1355 1485; x_wconf 87' lang='lat' dir='ltr'>jure</span> <span class='ocrx_word' id='word_1_94' title='bbox 1404 1420 1675 1470; x_wconf 85' lang='lat' dir='ltr'>communi</span> <span class='ocrx_word' id='word_1_95' title='bbox 1719 1424 1776 1470; x_wconf 91' lang='lat' dir='ltr'>et</span> <span class='ocrx_word' id='word_1_96' title='bbox 1823 1419 2100 1487; x_wconf 88' lang='lat' dir='ltr'>Episcopis</span> <span class='ocrx_word' id='word_1_97' title='bbox 2147 1420 2362 1486; x_wconf 91' lang='lat' dir='ltr'>propter</span> 
     </span>
     <span class='ocr_line' id='line_1_14' title="bbox 453 1499 2360 1573; baseline 0.003 -26"><span class='ocrx_word' id='word_1_98' title='bbox 453 1499 769 1550; x_wconf 91' lang='lat' dir='ltr'>hieraticum</span> <span class='ocrx_word' id='word_1_99' title='bbox 793 1502 1172 1569; x_wconf 83' lang='lat' dir='ltr'>principatum,</span> <span class='ocrx_word' id='word_1_100' title='bbox 1199 1508 1255 1554; x_wconf 89' lang='lat' dir='ltr'>et</span> <span class='ocrx_word' id='word_1_101' title='bbox 1279 1503 1532 1555; x_wconf 88' lang='lat' dir='ltr'>Pontifici</span> <span class='ocrx_word' id='word_1_102' title='bbox 1561 1505 1795 1556; x_wconf 85' lang='lat' dir='ltr'>maximo</span> <span class='ocrx_word' id='word_1_103' title='bbox 1827 1509 2039 1573; x_wconf 83' lang='lat' dir='ltr'>propter</span> <span class='ocrx_word' id='word_1_104' title='bbox 2069 1504 2360 1571; x_wconf 88' lang='lat' dir='ltr'>primatum</span> 
     </span>
     <span class='ocr_line' id='line_1_15' title="bbox 454 1581 2362 1658; baseline 0.003 -25"><span class='ocrx_word' id='word_1_105' title='bbox 454 1584 801 1635; x_wconf 89' lang='lat' dir='ltr'>Pontificium</span> <span class='ocrx_word' id='word_1_106' title='bbox 826 1587 1135 1639; x_wconf 88' lang='lat' dir='ltr'>immediate</span> <span class='ocrx_word' id='word_1_107' title='bbox 1161 1589 1368 1640; x_wconf 87' lang='lat' dir='ltr'>subesse</span> <span class='ocrx_word' id='word_1_108' title='bbox 1391 1591 1695 1657; x_wconf 84' lang='lat' dir='ltr'>oporteret,2</span> <span class='ocrx_word' id='word_1_109' title='bbox 1728 1591 1787 1641; x_wconf 92' lang='lat' dir='ltr'>in</span> <span class='ocrx_word' id='word_1_110' title='bbox 1812 1590 1944 1658; x_wconf 89' lang='lat' dir='ltr'>Ejus</span> <span class='ocrx_word' id='word_1_111' title='bbox 1967 1592 2232 1657; x_wconf 82' lang='lat' dir='ltr'>potestate</span> <span class='ocrx_word' id='word_1_112' title='bbox 2253 1581 2362 1639; x_wconf 87' lang='lat' dir='ltr'>esse</span> 
     </span>
     <span class='ocr_line' id='line_1_16' title="bbox 455 1671 2361 1743; baseline 0.002 -24"><span class='ocrx_word' id='word_1_113' title='bbox 455 1671 791 1736; x_wconf 83' lang='lat' dir='ltr'>perrexerint,</span> <span class='ocrx_word' id='word_1_114' title='bbox 816 1689 879 1722; x_wconf 84' lang='lat' dir='ltr'>ex</span> <span class='ocrx_word' id='word_1_115' title='bbox 906 1673 1286 1740; x_wconf 89' lang='lat' dir='ltr'>Episcoporum</span> <span class='ocrx_word' id='word_1_116' title='bbox 1321 1679 1587 1742; x_wconf 86' lang='lat' dir='ltr'>potestate</span> <span class='ocrx_word' id='word_1_117' title='bbox 1618 1692 1712 1743; x_wconf 88' lang='lat' dir='ltr'>per</span> <span class='ocrx_word' id='word_1_118' title='bbox 1743 1674 2088 1742; x_wconf 85' lang='lat' dir='ltr'>privilegium</span> <span class='ocrx_word' id='word_1_119' title='bbox 2122 1673 2361 1724; x_wconf 82' lang='lat' dir='ltr'>exierint.</span> 
     </span>
     <span class='ocr_line' id='line_1_17' title="bbox 459 1756 2363 1827; baseline 0.002 -23"><span class='ocrx_word' id='word_1_120' title='bbox 459 1756 636 1816; x_wconf 81' lang='lat' dir='ltr'>Quum</span> <span class='ocrx_word' id='word_1_121' title='bbox 673 1761 854 1806; x_wconf 88' lang='lat' dir='ltr'>autem</span> <span class='ocrx_word' id='word_1_122' title='bbox 888 1774 944 1807; x_wconf 91' lang='lat' dir='ltr'>re</span> <span class='ocrx_word' id='word_1_123' title='bbox 977 1759 1092 1825; x_wconf 90' lang='lat' dir='ltr'>ipsa</span> <span class='ocrx_word' id='word_1_124' title='bbox 1128 1759 1270 1809; x_wconf 90' lang='lat' dir='ltr'>intra</span> <span class='ocrx_word' id='word_1_125' title='bbox 1306 1759 1436 1811; x_wconf 90' lang='lat' dir='ltr'>fines</span> <span class='ocrx_word' id='word_1_126' title='bbox 1478 1760 1797 1811; x_wconf 89' lang='lat' dir='ltr'>dioecesium</span> <span class='ocrx_word' id='word_1_127' title='bbox 1835 1758 2024 1810; x_wconf 80' lang='lat' dir='ltr'>vitam</span> <span class='ocrx_word' id='word_1_128' title='bbox 2045 1758 2258 1827; x_wconf 86' lang='lat' dir='ltr'>degant,</span> <span class='ocrx_word' id='word_1_129' title='bbox 2287 1757 2363 1808; x_wconf 87' lang='lat' dir='ltr'>sic</span> 
     </span>
     <span class='ocr_line' id='line_1_18' title="bbox 455 1841 2365 1911; baseline 0.001 -21"><span class='ocrx_word' id='word_1_130' title='bbox 455 1841 613 1908; x_wconf 88' lang='lat' dir='ltr'>hujus</span> <span class='ocrx_word' id='word_1_131' title='bbox 650 1842 921 1910; x_wconf 88' lang='lat' dir='ltr'>privilegii</span> <span class='ocrx_word' id='word_1_132' title='bbox 958 1847 1252 1911; x_wconf 85' lang='lat' dir='ltr'>temperata</span> <span class='ocrx_word' id='word_1_133' title='bbox 1275 1845 1356 1895; x_wconf 90' lang='lat' dir='ltr'>vis</span> <span class='ocrx_word' id='word_1_134' title='bbox 1384 1849 1482 1907; x_wconf 85' lang='lat' dir='ltr'>est,</span> <span class='ocrx_word' id='word_1_135' title='bbox 1506 1849 1571 1895; x_wconf 90' lang='lat' dir='ltr'>ut</span> <span class='ocrx_word' id='word_1_136' title='bbox 1604 1850 1742 1895; x_wconf 88' lang='lat' dir='ltr'>sarta</span> <span class='ocrx_word' id='word_1_137' title='bbox 1774 1848 1917 1895; x_wconf 78' lang='lat' dir='ltr'>tecta</span> <span class='ocrx_word' id='word_1_138' title='bbox 1950 1844 2020 1894; x_wconf 88' lang='lat' dir='ltr'>sit</span> <span class='ocrx_word' id='word_1_139' title='bbox 2058 1843 2365 1893; x_wconf 86' lang='lat' dir='ltr'>dioecesana</span> 
     </span>
     <span class='ocr_line' id='line_1_19' title="bbox 458 1926 2364 1999; baseline 0.001 -24"><span class='ocrx_word' id='word_1_140' title='bbox 458 1926 755 1993; x_wconf 87' lang='lat' dir='ltr'>disciplina,</span> <span class='ocrx_word' id='word_1_141' title='bbox 780 1928 1014 1995; x_wconf 90' lang='lat' dir='ltr'>adeoque</span> <span class='ocrx_word' id='word_1_142' title='bbox 1045 1934 1110 1979; x_wconf 89' lang='lat' dir='ltr'>ut</span> <span class='ocrx_word' id='word_1_143' title='bbox 1143 1930 1310 1980; x_wconf 89' lang='lat' dir='ltr'>clerus</span> <span class='ocrx_word' id='word_1_144' title='bbox 1333 1930 1583 1999; x_wconf 87' lang='lat' dir='ltr'>regularis</span> <span class='ocrx_word' id='word_1_145' title='bbox 1617 1932 1675 1980; x_wconf 93' lang='lat' dir='ltr'>in</span> <span class='ocrx_word' id='word_1_146' title='bbox 1706 1930 1896 1981; x_wconf 88' lang='lat' dir='ltr'>multis</span> <span class='ocrx_word' id='word_1_147' title='bbox 1933 1929 2141 1980; x_wconf 86' lang='lat' dir='ltr'>subesse</span> <span class='ocrx_word' id='word_1_148' title='bbox 2173 1928 2364 1979; x_wconf 86' lang='lat' dir='ltr'>debeat</span> 
     </span>
     <span class='ocr_line' id='line_1_20' title="bbox 456 2011 1920 2085; baseline 0.003 -24"><span class='ocrx_word' id='word_1_149' title='bbox 456 2011 741 2079; x_wconf 86' lang='lat' dir='ltr'>episcopali</span> <span class='ocrx_word' id='word_1_150' title='bbox 766 2013 1021 2079; x_wconf 88' lang='lat' dir='ltr'>potestati</span> <span class='ocrx_word' id='word_1_151' title='bbox 1048 2015 1156 2064; x_wconf 88' lang='lat' dir='ltr'>sive</span> <span class='ocrx_word' id='word_1_152' title='bbox 1181 2015 1472 2066; x_wconf 89' lang='lat' dir='ltr'>ordinariae</span> <span class='ocrx_word' id='word_1_153' title='bbox 1497 2016 1605 2066; x_wconf 89' lang='lat' dir='ltr'>sive</span> <span class='ocrx_word' id='word_1_154' title='bbox 1631 2015 1920 2085; x_wconf 86' lang='lat' dir='ltr'>delegatae.</span> 
     </span>
    </p>
   </div>
   <div class='ocr_carea' id='block_1_6' title="bbox 398 2109 2370 3293">
    <p class='ocr_par' dir='ltr' id='par_1_6' title="bbox 398 2109 2370 3293">
     <span class='ocr_line' id='line_1_21' title="bbox 601 2109 2365 2180; baseline 0.001 -21"><span class='ocrx_word' id='word_1_155' title='bbox 601 2109 682 2160; x_wconf 93' lang='lat' dir='ltr'>De</span> <span class='ocrx_word' id='word_1_156' title='bbox 700 2111 796 2160; x_wconf 90' lang='lat' dir='ltr'>hoc</span> <span class='ocrx_word' id='word_1_157' title='bbox 816 2112 998 2179; x_wconf 88' lang='lat' dir='ltr'>itaque</span> <span class='ocrx_word' id='word_1_158' title='bbox 1015 2113 1294 2180; x_wconf 86' lang='lat' dir='ltr'>privilegio</span> <span class='ocrx_word' id='word_1_159' title='bbox 1320 2114 1668 2180; x_wconf 85' lang='lat' dir='ltr'>exemptionis</span> <span class='ocrx_word' id='word_1_160' title='bbox 1693 2113 2001 2164; x_wconf 87' lang='lat' dir='ltr'>dubitatum</span> <span class='ocrx_word' id='word_1_161' title='bbox 2026 2115 2122 2173; x_wconf 90' lang='lat' dir='ltr'>est,</span> <span class='ocrx_word' id='word_1_162' title='bbox 2147 2125 2282 2162; x_wconf 90' lang='lat' dir='ltr'>num</span> <span class='ocrx_word' id='word_1_163' title='bbox 2303 2127 2365 2161; x_wconf 91' lang='lat' dir='ltr'>eo</span> 
     </span>
     <span class='ocr_line' id='line_1_22' title="bbox 458 2196 2365 2266; baseline 0.001 -21"><span class='ocrx_word' id='word_1_164' title='bbox 458 2197 767 2246; x_wconf 87' lang='lat' dir='ltr'>muniantur</span> <span class='ocrx_word' id='word_1_165' title='bbox 789 2196 1021 2265; x_wconf 86' lang='lat' dir='ltr'>religiosi</span> <span class='ocrx_word' id='word_1_166' title='bbox 1046 2198 1261 2260; x_wconf 81' lang='lat' dir='ltr'>sodaleS,</span> <span class='ocrx_word' id='word_1_167' title='bbox 1305 2198 1397 2265; x_wconf 91' lang='lat' dir='ltr'>qui</span> <span class='ocrx_word' id='word_1_168' title='bbox 1441 2199 1499 2248; x_wconf 90' lang='lat' dir='ltr'>in</span> <span class='ocrx_word' id='word_1_169' title='bbox 1538 2197 1732 2266; x_wconf 90' lang='lat' dir='ltr'>Anglia</span> <span class='ocrx_word' id='word_1_170' title='bbox 1757 2201 1813 2248; x_wconf 93' lang='lat' dir='ltr'>et</span> <span class='ocrx_word' id='word_1_171' title='bbox 1851 2196 2030 2247; x_wconf 86' lang='lat' dir='ltr'>Scotia</span> <span class='ocrx_word' id='word_1_172' title='bbox 2054 2196 2365 2246; x_wconf 86' lang='lat' dir='ltr'>missionum</span> 
     </span>
     <span class='ocr_line' id='line_1_23' title="bbox 455 2281 2366 2352; baseline -0.001 -20"><span class='ocrx_word' id='word_1_173' title='bbox 455 2300 614 2333; x_wconf 79' lang='lat' dir='ltr'>causa</span> <span class='ocrx_word' id='word_1_174' title='bbox 653 2284 982 2335; x_wconf 87' lang='lat' dir='ltr'>consistunt:</span> <span class='ocrx_word' id='word_1_175' title='bbox 1036 2284 1094 2334; x_wconf 93' lang='lat' dir='ltr'>hi</span> <span class='ocrx_word' id='word_1_176' title='bbox 1137 2286 1280 2335; x_wconf 91' lang='lat' dir='ltr'>enim</span> <span class='ocrx_word' id='word_1_177' title='bbox 1322 2290 1387 2335; x_wconf 93' lang='lat' dir='ltr'>ut</span> <span class='ocrx_word' id='word_1_178' title='bbox 1428 2285 1720 2352; x_wconf 90' lang='lat' dir='ltr'>plurimum</span> <span class='ocrx_word' id='word_1_179' title='bbox 1759 2284 1818 2334; x_wconf 92' lang='lat' dir='ltr'>in</span> <span class='ocrx_word' id='word_1_180' title='bbox 1861 2282 2081 2351; x_wconf 87' lang='lat' dir='ltr'>privatis</span> <span class='ocrx_word' id='word_1_181' title='bbox 2124 2281 2366 2332; x_wconf 90' lang='lat' dir='ltr'>domibus</span> 
     </span>
     <span class='ocr_line' id='line_1_24' title="bbox 460 2366 2367 2440; baseline -0.002 -21"><span class='ocrx_word' id='word_1_182' title='bbox 460 2371 615 2431; x_wconf 89' lang='lat' dir='ltr'>terni,</span> <span class='ocrx_word' id='word_1_183' title='bbox 639 2370 773 2432; x_wconf 90' lang='lat' dir='ltr'>bini,</span> <span class='ocrx_word' id='word_1_184' title='bbox 798 2370 1068 2420; x_wconf 88' lang='lat' dir='ltr'>interdum</span> <span class='ocrx_word' id='word_1_185' title='bbox 1095 2371 1287 2440; x_wconf 76' lang='lat' dir='ltr'>singuli</span> <span class='ocrx_word' id='word_1_186' title='bbox 1318 2375 1721 2422; x_wconf 84' lang='lat' dir='ltr'>commorantur.</span> <span class='ocrx_word' id='word_1_187' title='bbox 1813 2367 1887 2419; x_wconf 90' lang='lat' dir='ltr'>Et</span> <span class='ocrx_word' id='word_1_188' title='bbox 1931 2368 2173 2436; x_wconf 90' lang='lat' dir='ltr'>quamvis</span> <span class='ocrx_word' id='word_1_189' title='bbox 2197 2366 2367 2417; x_wconf 91' lang='lat' dir='ltr'>Bene-</span> 
     </span>
     <span class='ocr_line' id='line_1_25' title="bbox 462 2451 2365 2524; baseline 0 -20"><span class='ocrx_word' id='word_1_190' title='bbox 462 2455 636 2504; x_wconf 88' lang='lat' dir='ltr'>dictus</span> <span class='ocrx_word' id='word_1_191' title='bbox 674 2454 825 2505; x_wconf 87' lang='lat' dir='ltr'><strong>XIV.</strong></span> <span class='ocrx_word' id='word_1_192' title='bbox 865 2455 924 2504; x_wconf 92' lang='lat' dir='ltr'>in</span> <span class='ocrx_word' id='word_1_193' title='bbox 953 2454 1175 2507; x_wconf 87' lang='lat' dir='ltr'>Constit.</span> <span class='ocrx_word' id='word_1_194' title='bbox 1215 2454 1604 2524; x_wconf 75' lang='lat' dir='ltr'>Apostolicum</span> <span class='ocrx_word' id='word_1_195' title='bbox 1643 2452 2050 2516; x_wconf 68' lang='lat' dir='ltr'>‘mini-sterium,</span> <span class='ocrx_word' id='word_1_196' title='bbox 2089 2465 2157 2504; x_wconf 84' lang='lat'>111</span> <span class='ocrx_word' id='word_1_197' title='bbox 2192 2451 2365 2504; x_wconf 86' lang='lat' dir='ltr'>kalen.</span> 
     </span>
     <span class='ocr_line' id='line_1_26' title="bbox 461 2538 2370 2605; baseline -0.001 -15"><span class='ocrx_word' id='word_1_198' title='bbox 461 2541 495 2591; x_wconf 84' lang='lat' dir='ltr'>J</span> <span class='ocrx_word' id='word_1_199' title='bbox 498 2541 615 2591; x_wconf 91' lang='lat' dir='ltr'>unii</span> <span class='ocrx_word' id='word_1_200' title='bbox 638 2557 775 2591; x_wconf 89' lang='lat' dir='ltr'>anno</span> <span class='ocrx_word' id='word_1_201' title='bbox 803 2540 1186 2592; x_wconf 89' lang='lat' dir='ltr'>Incarnationis</span> <span class='ocrx_word' id='word_1_202' title='bbox 1226 2541 1536 2592; x_wconf 88' lang='lat' dir='ltr'>Dominicae</span> <span class='ocrx_word' id='word_1_203' title='bbox 1577 2553 1849 2605; x_wconf 82' lang='lat' dir='ltr'>MDCCLIII,</span> <span class='ocrx_word' id='word_1_204' title='bbox 1889 2544 2202 2591; x_wconf 90' lang='lat' dir='ltr'>memoratos</span> <span class='ocrx_word' id='word_1_205' title='bbox 2239 2538 2370 2588; x_wconf 60' lang='lat' dir='ltr'>mis-</span> 
     </span>
     <span class='ocr_line' id='line_1_27' title="bbox 463 2624 2366 2695; baseline -0.002 -18"><span class='ocrx_word' id='word_1_206' title='bbox 463 2627 709 2678; x_wconf 87' lang='lat' dir='ltr'>sionarios</span> <span class='ocrx_word' id='word_1_207' title='bbox 733 2626 993 2695; x_wconf 89' lang='lat' dir='ltr'>regulares</span> <span class='ocrx_word' id='word_1_208' title='bbox 1017 2627 1295 2695; x_wconf 88' lang='lat' dir='ltr'>privilegio</span> <span class='ocrx_word' id='word_1_209' title='bbox 1310 2628 1505 2694; x_wconf 75' lang='lat' dir='ltr'>perfrui</span> <span class='ocrx_word' id='word_1_210' title='bbox 1530 2627 1889 2689; x_wconf 83' lang='lat' dir='ltr'>declaraverit,</span> <span class='ocrx_word' id='word_1_211' title='bbox 1916 2624 2366 2676; x_wconf 88' lang='lat' dir='ltr'>subdubitandum</span> 
     </span>
     <span class='ocr_line' id='line_1_28' title="bbox 463 2708 2367 2779; baseline -0.002 -17"><span class='ocrx_word' id='word_1_212' title='bbox 463 2718 643 2762; x_wconf 86' lang='lat' dir='ltr'>tamen</span> <span class='ocrx_word' id='word_1_213' title='bbox 668 2711 919 2778; x_wconf 87' lang='lat' dir='ltr'>Episcopi</span> <span class='ocrx_word' id='word_1_214' title='bbox 944 2730 1117 2763; x_wconf 86' lang='lat' dir='ltr'>rursus</span> <span class='ocrx_word' id='word_1_215' title='bbox 1141 2713 1198 2763; x_wconf 93' lang='lat' dir='ltr'>in</span> <span class='ocrx_word' id='word_1_216' title='bbox 1240 2729 1480 2779; x_wconf 88' lang='lat' dir='ltr'>praesens</span> <span class='ocrx_word' id='word_1_217' title='bbox 1524 2712 1920 2774; x_wconf 82' lang='lat' dir='ltr'>existimabant,</span> <span class='ocrx_word' id='word_1_218' title='bbox 1946 2728 2006 2761; x_wconf 93' lang='lat' dir='ltr'>eo</span> <span class='ocrx_word' id='word_1_219' title='bbox 2032 2710 2191 2778; x_wconf 90' lang='lat' dir='ltr'>quod,</span> <span class='ocrx_word' id='word_1_220' title='bbox 2214 2708 2367 2760; x_wconf 89' lang='lat' dir='ltr'>resti-</span> 
     </span>
     <span class='ocr_line' id='line_1_29' title="bbox 461 2793 2366 2864; baseline -0.003 -16"><span class='ocrx_word' id='word_1_221' title='bbox 461 2802 584 2848; x_wconf 89' lang='lat' dir='ltr'>tuta</span> <span class='ocrx_word' id='word_1_222' title='bbox 624 2797 908 2864; x_wconf 88' lang='lat' dir='ltr'>episcopali</span> <span class='ocrx_word' id='word_1_223' title='bbox 949 2797 1258 2860; x_wconf 88' lang='lat' dir='ltr'>hierarchia,</span> <span class='ocrx_word' id='word_1_224' title='bbox 1297 2815 1408 2848; x_wconf 92' lang='lat' dir='ltr'>rem</span> <span class='ocrx_word' id='word_1_225' title='bbox 1451 2798 1768 2847; x_wconf 88' lang='lat' dir='ltr'>catholicam</span> <span class='ocrx_word' id='word_1_226' title='bbox 1811 2797 1879 2847; x_wconf 92' lang='lat' dir='ltr'>ad</span> <span class='ocrx_word' id='word_1_227' title='bbox 1907 2796 2044 2863; x_wconf 89' lang='lat' dir='ltr'>juris</span> <span class='ocrx_word' id='word_1_228' title='bbox 2070 2793 2366 2846; x_wconf 89' lang='lat' dir='ltr'>communis</span> 
     </span>
     <span class='ocr_line' id='line_1_30' title="bbox 462 2878 2365 2951; baseline -0.002 -19"><span class='ocrx_word' id='word_1_229' title='bbox 462 2884 685 2933; x_wconf 87' lang='lat' dir='ltr'>formam</span> <span class='ocrx_word' id='word_1_230' title='bbox 708 2883 765 2932; x_wconf 94' lang='lat' dir='ltr'>in</span> <span class='ocrx_word' id='word_1_231' title='bbox 792 2899 853 2932; x_wconf 89' lang='lat' dir='ltr'>ea</span> <span class='ocrx_word' id='word_1_232' title='bbox 876 2883 1086 2950; x_wconf 90' lang='lat' dir='ltr'>regione</span> <span class='ocrx_word' id='word_1_233' title='bbox 1111 2883 1391 2951; x_wconf 88' lang='lat' dir='ltr'>gubernari</span> <span class='ocrx_word' id='word_1_234' title='bbox 1410 2887 1632 2950; x_wconf 85' lang='lat' dir='ltr'>oportet.</span> <span class='ocrx_word' id='word_1_235' title='bbox 1695 2882 1730 2933; x_wconf 86' lang='lat' dir='ltr'><strong>J</strong></span> <span class='ocrx_word' id='word_1_236' title='bbox 1732 2900 1822 2932; x_wconf 91' lang='lat' dir='ltr'>ure</span> <span class='ocrx_word' id='word_1_237' title='bbox 1847 2887 2027 2932; x_wconf 90' lang='lat' dir='ltr'>autem</span> <span class='ocrx_word' id='word_1_238' title='bbox 2054 2879 2324 2931; x_wconf 91' lang='lat' dir='ltr'>communi</span> <span class='ocrx_word' id='word_1_239' title='bbox 2344 2878 2365 2908; x_wconf 77' lang='lat'>³</span> 
     </span>
     <span class='ocr_line' id='line_1_31' title="bbox 463 2967 2365 3039; baseline -0.004 -16"><span class='ocrx_word' id='word_1_240' title='bbox 463 2973 819 3023; x_wconf 87' lang='lat' dir='ltr'>constitutum</span> <span class='ocrx_word' id='word_1_241' title='bbox 844 2977 941 3033; x_wconf 84' lang='lat' dir='ltr'>est,</span> <span class='ocrx_word' id='word_1_242' title='bbox 967 2977 1031 3022; x_wconf 88' lang='lat' dir='ltr'>ut</span> <span class='ocrx_word' id='word_1_243' title='bbox 1055 2973 1259 3034; x_wconf 91' lang='lat' dir='ltr'>domus,</span> <span class='ocrx_word' id='word_1_244' title='bbox 1284 2988 1419 3038; x_wconf 87' lang='lat' dir='ltr'>quae</span> <span class='ocrx_word' id='word_1_245' title='bbox 1445 2972 1644 3022; x_wconf 88' lang='lat' dir='ltr'>sodales</span> <span class='ocrx_word' id='word_1_246' title='bbox 1668 2971 1938 3039; x_wconf 89' lang='lat' dir='ltr'>religiosos</span> <span class='ocrx_word' id='word_1_247' title='bbox 1964 2985 2052 3019; x_wconf 86' lang='lat' dir='ltr'>sex</span> <span class='ocrx_word' id='word_1_248' title='bbox 2076 2967 2365 3017; x_wconf 89' lang='lat' dir='ltr'>minimum</span> 
     </span>
     <span class='ocr_line' id='line_1_32' title="bbox 398 3051 2365 3124; baseline -0.005 -14"><span class='ocrx_word' id='word_1_249' title='bbox 398 3114 403 3118; x_wconf 18' lang='lat'><strong>⁶</strong></span> <span class='ocrx_word' id='word_1_250' title='bbox 461 3076 569 3110; x_wconf 88' lang='lat' dir='ltr'>non</span> <span class='ocrx_word' id='word_1_251' title='bbox 610 3057 845 3124; x_wconf 89' lang='lat' dir='ltr'>capiant,</span> <span class='ocrx_word' id='word_1_252' title='bbox 887 3056 945 3105; x_wconf 92' lang='lat' dir='ltr'>in</span> <span class='ocrx_word' id='word_1_253' title='bbox 982 3060 1246 3123; x_wconf 88' lang='lat' dir='ltr'>potestate</span> <span class='ocrx_word' id='word_1_254' title='bbox 1284 3055 1671 3123; x_wconf 68' lang='lat' dir='ltr'>&#39;Episcoporum</span> <span class='ocrx_word' id='word_1_255' title='bbox 1714 3052 1824 3105; x_wconf 88' lang='lat' dir='ltr'>esse</span> <span class='ocrx_word' id='word_1_256' title='bbox 1862 3054 2077 3104; x_wconf 91' lang='lat' dir='ltr'>omnino</span> <span class='ocrx_word' id='word_1_257' title='bbox 2125 3051 2365 3102; x_wconf 88' lang='lat' dir='ltr'>debeant.</span> 
     </span>
     <span class='ocr_line' id='line_1_33' title="bbox 465 3135 2365 3211; baseline -0.005 -18"><span class='ocrx_word' id='word_1_258' title='bbox 465 3147 686 3211; x_wconf 89' lang='lat' dir='ltr'>Insuper</span> <span class='ocrx_word' id='word_1_259' title='bbox 722 3143 837 3211; x_wconf 78' lang='lat' dir='ltr'>ipse</span> <span class='ocrx_word' id='word_1_260' title='bbox 881 3139 1290 3192; x_wconf 85' lang='lat' dir='ltr'>Constitutionis</span> <span class='ocrx_word' id='word_1_261' title='bbox 1332 3140 1532 3190; x_wconf 89' lang='lat' dir='ltr'>Auctor</span> <span class='ocrx_word' id='word_1_262' title='bbox 1570 3141 1712 3190; x_wconf 88' lang='lat' dir='ltr'>visus</span> <span class='ocrx_word' id='word_1_263' title='bbox 1757 3144 1836 3190; x_wconf 91' lang='lat' dir='ltr'>est</span> <span class='ocrx_word' id='word_1_264' title='bbox 1879 3155 2072 3206; x_wconf 92' lang='lat' dir='ltr'>ponere</span> <span class='ocrx_word' id='word_1_265' title='bbox 2095 3135 2365 3204; x_wconf 87' lang='lat' dir='ltr'>privilegii</span> 
     </span>
     <span class='ocr_line' id='line_1_34' title="bbox 457 3222 2367 3293; baseline -0.006 -12"><span class='ocrx_word' id='word_1_266' title='bbox 457 3245 676 3281; x_wconf 85' lang='lat' dir='ltr'>causam</span> <span class='ocrx_word' id='word_1_267' title='bbox 700 3227 759 3277; x_wconf 90' lang='lat' dir='ltr'>in</span> <span class='ocrx_word' id='word_1_268' title='bbox 783 3225 1027 3293; x_wconf 85' lang='lat' dir='ltr'>“publici</span> <span class='ocrx_word' id='word_1_269' title='bbox 1049 3224 1324 3293; x_wconf 84' lang='lat' dir='ltr'>regiminis</span> <span class='ocrx_word' id='word_1_270' title='bbox 1347 3224 1554 3292; x_wconf 89' lang='lat' dir='ltr'>legibus</span> <span class='ocrx_word' id='word_1_271' title='bbox 1575 3260 1589 3273; x_wconf 93' lang='lat'>.</span> <span class='ocrx_word' id='word_1_272' title='bbox 1610 3259 1624 3274; x_wconf 91' lang='lat'>.</span> <span class='ocrx_word' id='word_1_273' title='bbox 1646 3261 1660 3274; x_wconf 95' lang='lat'>.</span> <span class='ocrx_word' id='word_1_274' title='bbox 1682 3261 1696 3275; x_wconf 90' lang='lat'>.</span> <span class='ocrx_word' id='word_1_275' title='bbox 1716 3223 1908 3291; x_wconf 90' lang='lat' dir='ltr'>quibus</span> <span class='ocrx_word' id='word_1_276' title='bbox 1934 3222 2182 3272; x_wconf 90' lang='lat' dir='ltr'>coenobia</span> <span class='ocrx_word' id='word_1_277' title='bbox 2206 3238 2367 3288; x_wconf 89' lang='lat' dir='ltr'>quae-</span> 
     </span>
    </p>
   </div>
   <div class='ocr_carea' id='block_1_7' title="bbox 462 3370 2361 3557">
    <p class='ocr_par' dir='ltr' id='par_1_7' title="bbox 462 3370 2361 3557">
     <span class='ocr_line' id='line_1_35' title="bbox 610 3370 2361 3427; baseline -0.004 -9"><span class='ocrx_word' id='word_1_278' title='bbox 610 3376 628 3400; x_wconf 84' lang='lat'>²</span> <span class='ocrx_word' id='word_1_279' title='bbox 679 3376 721 3417; x_wconf 79' lang='lat' dir='ltr'>S.</span> <span class='ocrx_word' id='word_1_280' title='bbox 764 3376 941 3427; x_wconf 83' lang='lat' dir='ltr'>Gregor.</span> <span class='ocrx_word' id='word_1_281' title='bbox 985 3373 1048 3413; x_wconf 89' lang='lat' dir='ltr'>M.</span> <span class='ocrx_word' id='word_1_282' title='bbox 1097 3373 1235 3424; x_wconf 88' lang='lat' dir='ltr'>Epist.</span> <span class='ocrx_word' id='word_1_283' title='bbox 1276 3371 1366 3411; x_wconf 90' lang='grc' dir='ltr'>ΙΙΙ.</span> <span class='ocrx_word' id='word_1_284' title='bbox 1404 3371 1479 3410; x_wconf 89' lang='lat' dir='ltr'>lib.</span> <span class='ocrx_word' id='word_1_285' title='bbox 1519 3370 1815 3412; x_wconf 91' lang='lat' dir='ltr'>IX.-—Bened.</span> <span class='ocrx_word' id='word_1_286' title='bbox 1850 3371 1976 3412; x_wconf 88' lang='lat' dir='ltr'><strong>XIV.</strong></span> <span class='ocrx_word' id='word_1_287' title='bbox 2015 3371 2154 3423; x_wconf 86' lang='lat' dir='ltr'>Epist.</span> <span class='ocrx_word' id='word_1_288' title='bbox 2192 3371 2361 3412; x_wconf 85' lang='lat' dir='ltr'>Decret.</span> 
     </span>
     <span class='ocr_line' id='line_1_36' title="bbox 462 3439 1491 3496; baseline -0.008 -11"><span class='ocrx_word' id='word_1_289' title='bbox 462 3446 714 3496; x_wconf 75' lang='lat' dir='ltr'>Apostolicae</span> <span class='ocrx_word' id='word_1_290' title='bbox 731 3445 947 3489; x_wconf 75' lang='lat' dir='ltr'>servitutis,</span> <span class='ocrx_word' id='word_1_291' title='bbox 968 3440 1078 3493; x_wconf 87' lang='lat' dir='ltr'>prid.</span> <span class='ocrx_word' id='word_1_292' title='bbox 1100 3439 1206 3479; x_wconf 87' lang='lat' dir='ltr'>Idus</span> <span class='ocrx_word' id='word_1_293' title='bbox 1223 3439 1351 3478; x_wconf 85' lang='lat' dir='ltr'>Mart.</span> <span class='ocrx_word' id='word_1_294' title='bbox 1376 3439 1491 3480; x_wconf 88' lang='lat'>1742.</span> 
     </span>
     <span class='ocr_line' id='line_1_37' title="bbox 864 3506 1963 3557; baseline -0.004 -8"><span class='ocrx_word' id='word_1_295' title='bbox 864 3509 882 3532; x_wconf 83' lang='lat'><strong>²</strong></span> <span class='ocrx_word' id='word_1_296' title='bbox 907 3508 1066 3549; x_wconf 87' lang='lat' dir='ltr'>Concil.</span> <span class='ocrx_word' id='word_1_297' title='bbox 1086 3507 1228 3547; x_wconf 86' lang='lat' dir='ltr'>Vatic.</span> <span class='ocrx_word' id='word_1_298' title='bbox 1252 3506 1430 3547; x_wconf 82' lang='lat' dir='ltr'>Constit.</span> <span class='ocrx_word' id='word_1_299' title='bbox 1454 3507 1597 3545; x_wconf 75' lang='lat' dir='ltr'>Pastor</span> <span class='ocrx_word' id='word_1_300' title='bbox 1615 3512 1795 3545; x_wconf 59' lang='lat' dir='ltr'>aeternus</span> <span class='ocrx_word' id='word_1_301' title='bbox 1812 3518 1901 3557; x_wconf 87' lang='lat' dir='ltr'>cap.</span> <span class='ocrx_word' id='word_1_302' title='bbox 1926 3508 1963 3545; x_wconf 89' lang='lat'>3.</span> 
     </span>
    </p>
   </div>
   <div class='ocr_carea' id='block_1_8' title="bbox 458 3573 2365 3698">
    <p class='ocr_par' dir='ltr' id='par_1_8' title="bbox 458 3573 2365 3698">
     <span class='ocr_line' id='line_1_38' title="bbox 610 3573 2365 3625; baseline -0.003 -6"><span class='ocrx_word' id='word_1_303' title='bbox 610 3580 627 3602; x_wconf 83' lang='lat'><strong>³</strong></span> <span class='ocrx_word' id='word_1_304' title='bbox 659 3580 881 3619; x_wconf 88' lang='lat' dir='ltr'>Innocent.</span> <span class='ocrx_word' id='word_1_305' title='bbox 910 3577 968 3616; x_wconf 92' lang='lat' dir='ltr'>X.</span> <span class='ocrx_word' id='word_1_306' title='bbox 999 3576 1178 3616; x_wconf 86' lang='lat' dir='ltr'>Constit.</span> <span class='ocrx_word' id='word_1_307' title='bbox 1203 3576 1484 3625; x_wconf 77' lang='lat' dir='ltr'>Instaurande‚</span> <span class='ocrx_word' id='word_1_308' title='bbox 1513 3573 1581 3614; x_wconf 87' lang='lat' dir='ltr'>die</span> <span class='ocrx_word' id='word_1_309' title='bbox 1610 3575 1656 3613; x_wconf 89' lang='lat'>15</span> <span class='ocrx_word' id='word_1_310' title='bbox 1686 3573 1833 3614; x_wconf 85' lang='lat' dir='ltr'>Octob.</span> <span class='ocrx_word' id='word_1_311' title='bbox 1866 3575 1982 3613; x_wconf 89' lang='lat'>1652.</span> <span class='ocrx_word' id='word_1_312' title='bbox 2040 3573 2207 3614; x_wconf 78' lang='lat' dir='ltr'>Constit</span> <span class='ocrx_word' id='word_1_313' title='bbox 2251 3575 2302 3615; x_wconf 77' lang='lat' dir='ltr'>Ut</span> <span class='ocrx_word' id='word_1_314' title='bbox 2320 3575 2365 3614; x_wconf 78' lang='lat' dir='ltr'>in</span> 
     </span>
     <span class='ocr_line' id='line_1_39' title="bbox 458 3644 1139 3698; baseline -0.007 -11"><span class='ocrx_word' id='word_1_315' title='bbox 458 3648 614 3698; x_wconf 75' lang='lat' dir='ltr'>parvis,</span> <span class='ocrx_word' id='word_1_316' title='bbox 637 3646 705 3685; x_wconf 89' lang='lat' dir='ltr'>die</span> <span class='ocrx_word' id='word_1_317' title='bbox 726 3647 774 3684; x_wconf 95' lang='lat'>10</span> <span class='ocrx_word' id='word_1_318' title='bbox 795 3644 997 3684; x_wconf 86' lang='lat' dir='ltr'>Februar.</span> <span class='ocrx_word' id='word_1_319' title='bbox 1024 3644 1139 3682; x_wconf 81' lang='lat'>1654.</span> 
     </span>
    </p>
   </div>
  </div>
 </body>
</html>
