2534 4374
415 428 542 490 366
1191 451 1429 495 Anm'no
1476 453 1537 495 11.

1325 759 1413 821 II.

425 935 489 967 DE
564 934 920 967 JURISDIOTIONE
999 934 1319 967 Emscopomm
1403 935 1555 970 Quom
1653 937 1895 971 EchEsus
1986 939 2306 974 PARocHIAIAEs

559 1020 885 1065 BEGULARIUM,
941 1020 999 1052 ΕΤ
1049 1021 1284 1054 PERSONAS
1332 1021 1493 1054 cumn
1544 1022 1807 1055 ANIMARUM
1860 1024 2163 1058 SUBDITORUH

903 1106 1102 1138 SAECULA
1109 1106 1234 1138 RIUM
1282 1106 1338 1138 IN
1393 1106 1469 1139 BIS
1512 1107 1730 1140 EXBBCEN
1732 1109 1826 1141 1138.

817 1363 1378 1426 BENEDIOTUS
1436 1364 1912 1430 EPISGOPUS

696 1524 1096 1577 SERVUS
1196 1524 1766 1578 SERVORUM
1862 1526 2041 1579 DEI

889 1670 967 1709 AD
1002 1670 1337 1710 PERPETUAM
1372 1671 1467 1709 REI
1503 1671 1823 1710 MEMORIAM.

553 1796 602 1846 1.
652 1793 971 1856 Firmandis,
1013 1797 1176 1860 atque
1234 1793 1522 1844 asserendis
1570 1793 1954 1845 ecclesiasticae
2002 1795 2314 1864 disciplinae

405 1880 601 1950 regulis
626 1880 856 1931 studiose
898 1879 1100 1929 intenti
1124 1878 1537 1946 praedecessores
1560 1879 1728 1929 nostri
1755 1878 1986 1930 Romani
2010 1880 2314 1947 Pontifices,

404 1968 804 2028 consueverunt,
846 1963 1198 2032 peculiaribus
1236 1979 1408 2013 rerum
1452 1966 1546 2012 aut
1586 1967 1887 2030 temporum
1912 1965 2313 2019 necessitatibus

402 2050 799 2112 animadversis,
825 2050 893 2100 ad
917 2048 1173 2118 generalis
1211 2047 1575 2115 providentiae
1599 2064 1779 2097 curam
1804 2049 2046 2099 animum
2069 2051 2153 2119 adj
2161 2052 2312 2114 icere,

408 2153 598 2203 easque
622 2133 933 2202 apostolicas
969 2133 1376 2184 constitutiones
1414 2137 1707 2200 opportune
1747 2134 2096 2204 promulgare,
2119 2137 2312 2205 quibus

405 2222 686 2291 gliscentes
709 2237 916 2270 morum
942 2218 1260 2286 corruptelas
1283 2223 1592 2281 resecarent,
1615 2222 1673 2269 et
1695 2219 2024 2272 inordinatas
2047 2221 2312 2274 humanae

403 2306 739 2373 arrogantiae
781 2304 1235 2372 praesumptiones
1276 2304 1638 2371 reprimerent.
1737 2303 1836 2356 Oui
1878 2306 1955 2356 rei
1997 2306 2312 2360 obtinendae

409 2392 758 2443 utilissimum
783 2392 941 2459 plane
978 2391 1180 2458 experti
1223 2394 1349 2441 sunt
1390 2389 1476 2440 vel
1518 2390 1740 2457 antiqua
1781 2393 1996 2458 patrum
2019 2393 2311 2444 constituta

409 2494 671 2540 renovare,
696 2477 1047 2544 interpretari,
1072 2479 1170 2527 aut
1211 2476 1487 2538 declarare,
1512 2475 1596 2526 vel
1621 2476 2043 2543 competentium
2066 2494 2312 2528 romanae

409 2564 587 2614 curiae
624 2563 993 2624 tribunalium,
1031 2563 1141 2612 sive
1181 2561 1651 2630 congregationum
1685 2561 1931 2630 judicata
1971 2566 2026 2612 et
2068 2579 2311 2630 responsa

406 2649 671 2718 colligere,
687 2648 1009 2710 confirmare,
1023 2652 1120 2697 aut
1133 2647 1191 2696 in
1205 2646 1473 2713 aliquibus
1486 2648 1769 2710 remittere,
1785 2648 2070 2715 eademque
2083 2649 2312 2715 pruden-

411 2744 492 2791 ter
515 2744 675 2805 atque
699 2742 824 2805 apte
849 2736 1144 2806 conciliare,
1169 2737 1213 2786 si
1256 2736 1467 2803 quando
1503 2736 1644 2786 inter
1666 2753 1728 2786 ea
1751 2753 1857 2786 non
1883 2738 2010 2787 satis
2034 2739 2311 2790 convenire

412 2806 640 2876 videtur.
733 2821 912 2889 thue
954 2822 1253 2889 antiquiora
1291 2821 1605 2871 omittamus
1648 2821 1904 2889 exempla,
1927 2838 2034 2873 non
2058 2822 2163 2873 alia
2187 2840 2311 2874 sane

411 2909 616 2961 ratione
640 2908 729 2958 fel.
754 2925 853 2958 rec.
879 2907 1243 2958 Praedecessor
1283 2910 1461 2957 noster
1504 2905 1742 2957 Clemens
1780 2906 1928 2974 Papa
1951 2907 2022 2957 X.
2047 2925 2140 2975 per
2163 2925 2310 2959 suam

411 2993 868 3053 constitutionem,
910 3007 1046 3058 quae
1084 2990 1280 3058 incipit
1323 2987 1602 3058 Superata,
1646 2991 1834 3041 datum
1876 3003 1957 3043 XI.
2007 2991 2114 3043 kal.
2143 2988 2194 3044 ‘J
2195 2994 2310 3044 unii

410 3097 551 3131 anno
599 3077 925 3129 MDCLXX.
974 3076 1290 3126 inhaerendo
1337 3075 1575 3142 pluribus
1635 3075 2037 3127 resolutionibus
2097 3093 2311 3146 congre-

416 3165 695 3236 gationum
724 3145 799 3214 S.
850 3161 915 3213 R.
965 3161 1029 3211 E.
1079 3160 1429 3214 cardinalium
1477 3160 1707 3226 negotiis
1745 3164 1801 3210 et
1837 3161 2310 3213 consultationibus

412 3252 775 3319 episcoporum
798 3252 855 3298 et
877 3246 1214 3316 regularium,
1239 3262 1300 3295 ac
1319 3244 1618 3295 Tridentini
1639 3242 1862 3295 Concilii
1885 3245 2310 3312 interpretationi

415 3334 732 3385 auctoritate
779 3332 1066 3400 apostolica
1113 3331 1545 3398 praepositorum,
1612 3329 1785 3379 multa
1834 3330 2115 3380 constituit
2173 3331 2311 3382 circa

416 3420 652 3471 debitam
676 3435 708 3468 a
731 3417 1057 3487 regularibus
1082 3433 1206 3484 erga
1245 3415 1513 3482 episcopos
1551 3413 1783 3464 locorum
1828 3415 2113 3466 ordinarios
2140 3415 2310 3467 obser-

416 3504 672 3566 vantiam,
712 3508 767 3553 et
806 3502 917 3569 subj
925 3502 1221 3560 ectionem3
1265 3505 1377 3549 tam
1415 3500 1472 3548 in
1509 3498 1738 3565 petenda
1772 3515 1952 3548 eorum
1995 3499 2214 3550 licentia
2253 3504 2310 3551 et

418 3587 781 3638 benedictione
830 3603 921 3653 pro
969 3585 1126 3635 Verbi
1176 3584 1275 3635 Dei
1323 3583 1714 3651 praedicatione
1761 3582 1819 3632 in
1865 3583 2096 3633 ecclesiis
2144 3585 2308 3634 etiam

415 3688 629 3723 suorum
672 3670 959 3738 respective
997 3670 1239 3720 ordinum
1281 3668 1536 3730 habenda,
1576 3683 1735 3734 quam
1773 3667 1830 3716 in
1854 3668 2229 3733 approbatione
2253 3673 2308 3719 et

2523 716 2534 751 Α..
2530 681 2534 693 -
2522 644 2534 670 ιι
2522 596 2534 635 ευ.
2503 287 2534 583 &aiis-*infixmh*
2518 230 2520 235 ⁷
2506 184 2520 204 β’
2508 150 2516 169 '⁴
