2534 4374
481 425 607 486 218
1053 439 1210 482 00110.
1257 439 1422 482 Pnov.
1465 439 1685 481 wnsm.
1733 440 1808 481 1v.

476 594 672 662 pariter
721 608 844 662 erga
892 590 1178 658 Virginum
1229 589 1519 652 custodem,
1570 588 1824 640 Sanctum
1866 590 1899 641 J
1902 592 2082 660 oseph,
2125 595 2389 646 castitatis

473 678 820 746 praecipuum
845 674 1129 742 exemplar,
1145 675 1353 742 jugiter
1375 676 1637 726 nutriant.

623 765 671 814 9.
722 762 937 812 Praeter
971 760 1103 810 alias
1136 760 1361 811 virtutes
1399 761 1655 811 sacerdoti
1692 764 1943 830 propriaS,
1977 763 2107 815 baec
2147 763 2390 833 Synodus

470 848 755 902 nonnullas
778 846 1144 915 indigitandas
1170 850 1366 909 censet,
1390 863 1542 914 quae,
1567 851 1758 914 utpote
1782 848 2067 900 lethalibus
2091 850 2251 918 hujus
2274 852 2390 902 aevi

476 934 632 986 malis
657 931 906 1001 specialia
930 931 1176 982 antidota
1201 935 1258 982 et
1281 931 1531 996 remedia,
1546 948 1579 981 a
1603 932 1956 1000 superioribus
1976 932 2391 987 Seminariorum

476 1020 665 1088 majori
691 1019 867 1070 studio
892 1017 1149 1068 inculcari
1174 1017 1386 1070 debent.

619 1106 800 1156 Luxus
843 1106 1012 1174 igitur
1050 1104 1139 1172 huj
1147 1121 1210 1154 us
1249 1104 1463 1167 saeculi,
1490 1109 1734 1172 sumptus
1770 1105 1829 1154 in
1854 1104 2004 1156 victu
2029 1109 2086 1156 et
2109 1107 2311 1157 vestitu
2335 1112 2391 1158 et

475 1189 832 1259 suppellectili
855 1190 1016 1240 nimis
1041 1190 1261 1257 profusi,
1279 1189 1458 1240 mollis
1483 1190 1618 1252 vita,
1635 1205 1908 1256 moresque
1933 1189 2171 1254 delicati,
2190 1191 2391 1244 nimius

473 1279 574 1328 otii
622 1294 684 1328 ac
733 1277 931 1344 quietis
979 1292 1143 1339 amor,
1185 1292 1322 1343 quae
1370 1275 1551 1326 omnia
1599 1275 1735 1326 vires
1783 1276 2135 1344 animumque
2185 1294 2392 1345 semper

475 1363 749 1426 minuunt,
774 1379 865 1430 per
889 1361 1098 1412 virilem
1124 1360 1547 1428 simplicitatem,
1572 1377 1667 1428 per
1705 1377 1938 1411 amorem
1980 1361 2168 1425 crucis,
2206 1365 2264 1412 et
2301 1379 2394 1430 per

476 1451 714 1499 sanctam
737 1447 798 1496 in
821 1446 1086 1498 laboribus
1116 1446 1488 1497 assiduitatem
1524 1444 1915 1496 mortificentur
1951 1449 2008 1497 et
2045 1446 2393 1514 expellantur.

476 1533 560 1583 Ad
596 1531 815 1595 laboreS,
840 1548 949 1582 11011
985 1531 1054 1583 ad
1090 1531 1281 1594 otium,
1319 1548 1495 1582 servus
1538 1530 1760 1580 Domini
1796 1531 1962 1581 nostri
1998 1530 2058 1581 in
2098 1530 2393 1600 Evangelio

476 1621 710 1668 vocatur.
781 1616 970 1668 Discat
1010 1617 1182 1686 igitur
1219 1617 1500 1684 praecipue
1540 1616 1765 1684 gaudere
1790 1616 1849 1665 in
1872 1616 2154 1678 aerumnis,
2177 1614 2239 1665 in
2261 1631 2395 1683 pau-

476 1707 696 1771 pertate,
721 1703 781 1752 in
805 1705 1139 1769 contemptu,
1165 1702 1223 1751 in
1246 1702 1362 1752 vita
1386 1701 1583 1752 humili
1610 1704 1667 1751 et
1702 1702 2025 1771 evangelica.
2100 1701 2394 1770 Nunquam

392 1811 395 1819 ·
472 1788 820 1839 obliviscatur
854 1785 891 1837 J
891 1803 985 1837 esu
1019 1786 1319 1854 praecepti:
1387 1783 1500 1850 Qui
1552 1802 1673 1836 ‘non
1708 1784 1915 1855 accipit
1969 1803 2186 1838 crucem
2227 1803 2396 1839 suarm

477 1877 527 1924 et
557 1868 816 1940 sequitur
846 1887 951 1933 mc,
984 1886 1106 1922 ‘non
1140 1874 1217 1922 est
1249 1886 1335 1922 me
1369 1867 1622 1937 dignus)
1702 1868 1770 1922 Si
1812 1870 1943 1939 quis
1978 1869 2102 1922 vult
2133 1875 2268 1940 post
2307 1888 2395 1924 ‘mc

477 1955 682 2020 venire,
698 1954 923 2023 abneget
946 1953 1327 2024 semetipsum,
1344 1959 1393 2007 et
1417 1953 1575 2008 tollat
1599 1971 1817 2009 crucem
1840 1972 2027 2021 suam,
2053 1960 2102 2008 et
2124 1960 2395 2026 sequatur

477 2043 607 2095 me.²

627 2132 710 2180 10.
761 2127 1107 2195 Summopere
1134 2128 1398 2195 juvenum
1422 2129 1660 2191 interest,
1685 2132 1749 2178 ut
1773 2144 1806 2178 a
1829 2129 2023 2179 teneris
2047 2128 2218 2192 anniS,
2241 2144 2304 2179 ac
2335 2129 2395 2179 in

479 2216 671 2266 studiis
696 2213 1085 2280 laboribusque,
1109 2217 1166 2263 et
1189 2211 1502 2263 methodum
1526 2216 1583 2263 et
1608 2213 1846 2264 ordinem
1871 2230 2034 2280 quam
2058 2213 2394 2265 exactissime

472 2302 769 2353 observent.
843 2299 909 2349 In
934 2300 1190 2350 memoria
1215 2315 1419 2366 semper
1441 2299 1710 2350 retineant
1732 2298 2037 2366 exemplum
2062 2298 2196 2349 Ven.
2215 2298 2393 2350 Bedae

477 2387 744 2449 nostratiS,
770 2387 883 2453 qui,
906 2385 991 2435 uti
1014 2385 1235 2436 historia
1258 2389 1455 2447 narrat,
1479 2388 1515 2415 ‘⁶
1534 2401 1807 2451 nunquam
1833 2385 2078 2451 torpebat
2101 2385 2231 2448 otio,
2254 2401 2393 2436 nun·

472 2489 641 2540 >quam
683 2488 716 2521 a
757 2470 935 2521 studio
975 2470 1228 2532 cessabat,
1263 2485 1467 2536 semper
1507 2468 1660 2537 legit,
1694 2485 1896 2535 semper
1936 2468 2164 2535 scripsit,
2189 2486 2393 2537 semper

476 2559 678 2620 docuit,
717 2573 923 2624 semper
964 2557 1153 2619 oravit,
1193 2556 1362 2606 sciens
1400 2555 1545 2621 quod
1593 2556 1798 2603 amator
1846 2553 2099 2603 scientiae
2148 2552 2392 2606 salutaris

472 2644 614 2694 ‘vitia
639 2643 809 2693 carnis
834 2641 992 2692 facile
1018 2639 1358 2708 superaret.”3

622 2729 743 2779 Nisi
766 2727 942 2778 otium
966 2731 1244 2794 tamquam
1273 2730 1479 2793 pestem
1505 2726 1734 2794 fug-iant,
1760 2741 1973 2792 seseque
1997 2723 2223 2775 viriliter
2245 2740 2390 2776 exer-

474 2818 650 2877 ceant,
674 2828 981 2882 persuasum
1017 2812 1121 2863 sibi
1158 2810 1388 2862 habeant
1413 2828 1467 2861 se
1491 2813 1676 2878 postea
1700 2809 1910 2859 vineam
1936 2808 2156 2859 Domini
2180 2809 2390 2878 neglec-

477 2904 622 2951 turos
646 2915 773 2962 esse,
792 2902 848 2949 et
871 2897 1065 2949 inertia
1090 2913 1184 2948 sua
1207 2913 1269 2946 ac
1295 2895 1528 2946 socordia
1552 2894 1830 2945 animabus
1854 2893 2042 2944 multis
2061 2894 2170 2945 fore
2187 2896 2386 2946 ruinae.

626 2986 711 3036 ll.
763 2982 1105 3035 Seminarista
1128 2998 1161 3032 a
1195 2985 1374 3032 tenera
1409 2984 1587 3031 aetate
1625 2980 1905 3031 edoceatur
1941 2979 2083 3046 quod
2121 2980 2388 3048 cupiditas

473 3072 550 3121 sit
573 3069 723 3120 radix
747 3069 989 3120 omnium
1013 3066 1290 3128 malorum,
1314 3065 1812 3133 profundioremque
1849 3064 2118 3131 concipiat
2155 3081 2387 3116 amorem

478 3155 824 3223 paupertatiS,
866 3169 1030 3220 quam
1073 3156 1350 3218 tamquam
1392 3150 1572 3200 dotem
1620 3167 1715 3217 pro
1763 3165 1818 3199 se
1867 3149 2078 3215 suisque
2119 3148 2387 3217 Apostolis

473 3240 644 3306 elegit
665 3238 926 3289 Dominus
949 3239 1143 3299 noster,
1167 3236 1279 3303 qui,
1297 3239 1361 3285 ut
1384 3236 1465 3285 ait
1488 3236 1789 3303 Apostolus,
1807 3238 2042 3302 propter
2065 3249 2158 3284 vos
2183 3250 2386 3300 cycnus

463 3324 665 3393 factus
725 3326 818 3387 est,
867 3337 998 3374 cwm
1057 3324 1188 3372 esset
1236 3317 1406 3383 dives,
1454 3322 1523 3370 ut
1575 3316 1741 3370 illius
1789 3316 1995 3388 inopia
2041 3334 2135 3370 vos
2183 3316 2386 3370 divites

477 3408 704 3462 essetis!

783 3560 799 3586 ¹
816 3559 944 3599 Mate.
966 3572 1010 3598 x.
1035 3559 1100 3598 38.
1665 3553 1684 3580 ⁸
1699 3553 1825 3594 Brev.
1847 3554 1971 3618 Rom,

784 3626 803 3652 ²
819 3625 946 3666 Matt,
968 3624 1055 3666 xvi.
1077 3626 1145 3665 24.
1662 3621 1680 3647 ⁴
1697 3623 1721 3661 2
1741 3621 1834 3662 Cor.
1854 3621 1945 3662 viii.
1966 3624 2003 3663 9.
