2534 4374
1162 485 1434 530 nucum-A.
2156 476 2231 533 21

346 630 575 695 videtur,
600 637 665 683 ut
689 634 1048 685 extensionem
1072 633 1206 684 dicti
1232 634 1483 702 temporis
1508 651 1601 703 pro
1621 640 1735 686 tota
1760 636 1951 704 Anglia
1976 636 2246 698 concedat,

343 731 377 766 a
402 714 519 767 Fer.
546 716 642 768 IV.
671 716 919 769 Cinerum
943 735 1109 786 usque
1127 719 1195 770 ad
1220 718 1555 771 Dominicam
1581 721 1638 771 in
1662 720 1795 772 albis
1822 720 2073 771 inclusive
2098 720 2187 788 (ᾖ).

493 810 576 860 18.
614 808 807 861 Nullus
850 811 1100 874 sacerdOS,
1143 811 1239 863 sub
1286 813 1468 880 poenis
1516 813 1573 863 in
1607 813 1727 881 jure
1761 814 1901 875 latis,
1941 813 2019 864 bis
2064 814 2118 863 in
2156 813 2242 862 die

344 892 561 945 missam
579 894 832 946 celebrare
848 900 1145 963 praesumat
1162 895 1553 966 (praeterquam
1578 898 1636 949 in
1656 898 1709 950 S.
1731 898 1780 949 N
1782 899 2046 949 ativitatis
2066 899 2244 965 festo),

345 979 449 1030 nisi
473 979 542 1030 ab
560 979 840 1048 Episcopo,
883 980 967 1032 vel
1010 981 1122 1049 ejus
1162 982 1388 1046 Vicario,
1440 982 1750 1034 facultatem
1799 1000 1863 1034 ex
1911 982 2241 1052 delegatione

343 1064 648 1132 Apostolica
672 1066 890 1117 concedi
914 1068 1217 1134 permissam
1244 1068 1300 1118 in
1326 1068 1534 1135 scriptis
1558 1068 1865 1120 obtinuerit.

493 1158 573 1209 19.
629 1156 893 1209 Similiter
915 1159 1150 1210 rubricae
1174 1159 1406 1210 Missalis
1432 1159 1658 1210 Romani
1683 1165 1739 1211 et
1765 1160 1995 1211 Ritualis
2021 1162 2166 1228 parvi
2186 1160 2240 1210 S.

341 1240 420 1292 M.
441 1240 719 1293 Benedicti
744 1242 907 1294 XIII.
927 1241 999 1313 (²)
1025 1245 1206 1295 stricte
1232 1250 1514 1308 serventur,
1529 1251 1789 1313 quantum
1810 1246 1996 1296 servari
2022 1247 2242 1313 possint,

341 1325 409 1378 de
452 1327 621 1378 tribus
659 1327 869 1379 ultimis
918 1328 1102 1379 diebus
1151 1330 1362 1397 majoris
1412 1330 1816 1389 Hebdomadae3
1858 1331 1935 1380 ita
1979 1337 2040 1380 ut
2084 1332 2241 1380 unica

340 1412 627 1463 celebretur
650 1414 709 1463 in
733 1429 1046 1481 unaquaque
1072 1415 1288 1465 ecclesia
1324 1415 1489 1465 Missa
1526 1416 1583 1465 in
1622 1414 1774 1465 Feria
1812 1415 1874 1465 V.
1899 1421 1955 1465 et
1993 1415 2238 1466 Sabbato.

342 1495 525 1564 Neque
567 1498 625 1548 in
664 1496 762 1548 hoc
805 1498 1094 1550 celebretur
1130 1499 1312 1562 Missa,
1348 1500 1453 1550 nisi
1490 1517 1613 1550 cum
1648 1505 1761 1550 toto
1801 1499 1971 1550 officio
1998 1499 2239 1568 (excepta

340 1581 449 1633 sola
474 1582 662 1633 Fontis
686 1583 1016 1650 baptismalis
1053 1585 1440 1647 benedictione,
1479 1585 1571 1635 ubi
1611 1586 1667 1635 in
1706 1586 1923 1636 ecclesia
1958 1585 2097 1637 Fons
2134 1604 2238 1637 non

340 1668 535 1719 existat
550 1667 587 1736 3)
615 1685 787 1736 neque
812 1668 921 1719 ulla
943 1686 1062 1736 pars
1086 1687 1180 1737 pro
1205 1670 1381 1721 lubitu
1407 1672 1703 1721 omittatur.

483 1762 571 1812 20.
621 1761 859 1812 Tandem
885 1762 1228 1812 meminerint
1253 1763 1556 1824 sacerdoteS,
1582 1763 1854 1813 infinitum
1881 1763 2038 1831 hujus
2058 1762 2240 1814 Sacm-

336 1846 509 1896 menti
546 1850 603 1896 et
639 1845 897 1897 Sacrificii
929 1846 1163 1914 pretium
1188 1847 1246 1897 in
1289 1848 1586 1915 praesentia
1626 1848 1844 1899 Domini
1889 1848 2067 1898 Nostri
2109 1847 2143 1898 J
2147 1865 2237 1898 esu

338 1928 535 1982 Christi
551 1931 848 1995 consistere,
866 1949 974 1982 non
992 1933 1051 1982 in
1064 1933 1309 1983 exteriori
1328 1933 1504 1984 cultus
1523 1939 1805 2001 apparatu;
1835 1934 2056 2000 ideoque
2074 1934 2239 1983 satius

336 2032 447 2067 esse
489 2016 805 2085 simpliciter
846 2017 1069 2068 Missam
1108 2017 1302 2068 lect-am
1340 2016 1583 2069 fidelibus
1619 2018 1880 2086 praebere,
1912 2035 2072 2085 quam
2100 2018 2238 2068 ultra

336 2101 471 2152 vires
496 2102 863 2154 solemniorem
888 2108 1093 2155 tentare
1117 2104 1304 2167 ritum,
1340 2105 1680 2156 caeremoniis
1710 2121 1862 2172 saepe
1887 2104 2036 2154 foede
2061 2103 2239 2153 detur-

334 2187 492 2255 patis,
529 2205 590 2238 ac
626 2189 872 2240 musicali
911 2190 1095 2257 inepto
1137 2195 1398 2241 concentu
1441 2191 1755 2241 devotionen
1798 2190 1976 2257 potius
2009 2189 2235 2257 pellente

334 2290 497 2341 quam
522 2275 803 2326 excitante.
879 2272 1078 2326 Cantus
1102 2275 1284 2344 igitur,
1309 2275 1588 2343 praecipue
1613 2275 1669 2325 in
1694 2274 1858 2325 Missa
1892 2279 1947 2324 et
1985 2273 2240 2324 Benedic-

335 2360 482 2410 tione
507 2358 842 2410 Sanctissimi
868 2357 1214 2423 sacramenti,
1240 2361 1312 2410 sit
1334 2360 1508 2427 gravis
1528 2363 1584 2409 et
1607 2360 1843 2421 devotuS,
1877 2365 1940 2409 ut
1964 2358 2235 2408 audientes

336 2442 517 2495 fideles
541 2444 698 2495 modo
723 2460 847 2494 cum
871 2443 1170 2513 Augustino
1194 2444 1262 2495 ad
1286 2443 1540 2512 lacrymas
1566 2448 1891 2506 moveantur,
1917 2443 2089 2505 mod0,
2114 2461 2233 2493 cum

334 2528 504 2579 choris
540 2528 880 2598 Angelorum,
916 2528 1095 2579 laudes
1119 2528 1232 2579 Deo
1269 2533 1325 2579 et
1362 2528 1513 2596 Agno
1550 2545 1673 2578 cum
1711 2528 1916 2596 ingenti
1954 2527 2234 2578 concinant.

336 2613 562 2664 laetitia.
636 2613 795 2664 Pueri
820 2614 984 2664 etiam
1009 2614 1246 2664 musicen
1270 2614 1327 2663 in
1353 2613 1541 2663 scholis
1566 2612 1896 2673 edoceantur,
1922 2617 1984 2661 ut
2015 2612 2237 2662 femina-

481 2765 538 2818 (1)
578 2765 876 2806 Sanctissimus
919 2765 1220 2818 benignissime
1256 2765 1421 2805 annuit.
1498 2763 1608 2804 Vide
1645 2766 1890 2812 Rescriptum
1935 2762 1980 2803 in
2026 2763 2229 2815 Append„

335 2830 386 2869 η’
402 2829 551 2879 XIII„
568 2842 612 2882 p.
635 2832 700 2870 66.

464 2896 519 2949 (2)
564 2898 593 2918 “
610 2895 858 2936 Beatissimo
877 2896 1017 2937 Pater.
1050 2894 1211 2935 Vicarii
1230 2893 1463 2946 Apostolici
1492 2893 1622 2945 Angl.
1639 2893 1692 2933 ad
1720 2893 1844 2944 pedes
1871 2892 2117 2932 Sanctitatis
2137 2896 2233 2932 tuan

337 2962 550 3015 provoluti
567 2963 806 3003 humillime
825 2963 1078 3015 supplicant,
1101 2964 1149 3002 ut
1167 2961 1351 3013 benigne
1370 2960 1581 3011 dignetur,
1614 2964 1776 3000 attenta
1805 2960 1945 3011 inopia
1974 2958 2230 2998 sacerdotum

336 3028 514 3081 aliisque
531 3030 719 3070 locorum
735 3029 952 3083 adjunctis
969 3028 1198 3081 perpensis,
1220 3028 1440 3078 indulgere
1459 3030 1507 3066 ut
1525 3026 1572 3066 in
1599 3027 1651 3066 iis
1678 3026 1824 3066 diebus
1852 3026 1896 3064 in
1915 3025 2079 3075 quibus,
2110 3026 2234 3077 juxta

337 3095 555 3146 Rubricas,
577 3096 704 3136 missa
723 3096 920 3136 solemnis
937 3095 1145 3135 duntaxat
1173 3097 1280 3134 esset
1308 3092 1567 3142 celebranda,
1596 3092 1728 3145 possit
1759 3092 1925 3131 recitari
1955 3091 2080 3130 missa
2107 3091 2231 3130 etiam

336 3163 516 3216 privata,
539 3163 764 3203 dummodo
782 3176 831 3203 ea
849 3163 905 3203 sit
923 3161 1174 3214 parochialis
1199 3164 1241 3201 et
1260 3160 1517 3212 principalis,
1542 3163 1583 3199 et
1602 3163 1821 3199 serventur
1844 3162 2047 3209 quantum
2076 3157 2230 3197 servari

337 3230 500 3282 possint
527 3243 576 3271 ea
602 3243 710 3281 quae
735 3229 784 3269 in
810 3229 973 3269 Rituali
1000 3241 1130 3280 parvo
1158 3226 1377 3267 Benedicti
1397 3226 1529 3265 XIII.
1554 3229 1720 3264 sanctae
1739 3225 1959 3263 memoriae
1979 3225 2231 3275 praescripta

337 3296 629 3338 inveniuntur.
689 3296 841 3345 Quare,
879 3299 957 3336 etc.
994 3294 1062 3334 Ex
1090 3293 1322 3333 Audientia
1347 3292 1608 3333 Sanctissimi
1637 3291 1781 3331 habitu
1810 3291 1877 3330 die
1907 3293 1928 3332 7
1950 3291 2093 3330 Martii
2120 3293 2233 3332 1847.

337 3362 634 3404 Sanetissimus
661 3362 870 3403 Dominus
898 3361 1054 3401 Noster
1085 3360 1188 3400 Pius
1220 3359 1364 3400 divina
1393 3358 1656 3411 providentia
1686 3358 1770 3397 ΡΡ.
1796 3357 1894 3403 IX..
1930 3357 2135 3396 referente
2163 3371 2227 3396 mo

338 3430 609 3482 infrascripto
638 3430 682 3470 S.
715 3429 763 3470 O.
799 3429 850 3469 de
882 3427 1159 3480 Propaganda
1192 3426 1296 3466 Fido
1325 3425 1558 3469 secretario.
1587 3424 1800 3476 perpensis
1819 3424 2028 3475 expositis,
2050 3424 2233 3474 benigne

337 3497 490 3537 annuit
520 3509 597 3549 pro
627 3496 779 3548 gratia,
814 3496 861 3535 in
893 3495 1099 3544 omnibus,
1136 3494 1262 3546 juxta
1304 3505 1459 3544 prece&
1528 3491 1759 3531 Contrariis
1795 3491 2109 3542 quibuscunque
2147 3504 2231 3529 non

337 3563 642 3605 obstantibus.'’

486 3633 514 3653 “
531 3631 692 3671 Datum
710 3631 880 3679 Romae,
904 3643 956 3669 ex
974 3627 1125 3668 Aedib.
1149 3627 1230 3667 dic.
1253 3627 1344 3666 Sac.
1370 3626 1577 3676 Congreg.
1594 3623 1661 3663 die
1680 3627 1721 3664 et
1739 3637 1851 3663 anno
1868 3624 2021 3675 quibus
2039 3636 2176 3675 supra.

486 3700 516 3721 “
528 3697 672 3738 Gratis
689 3697 780 3737 sine
798 3696 886 3736 ulla
904 3694 1075 3736 omnino
1092 3693 1299 3734 solutione
1316 3705 1576 3744 quocumque
1594 3691 1734 3731 titulo.

1034 3775 1286 3823 “Joanuns,
1316 3773 1430 3814 arch.
1461 3770 1853 3817 Thessalonicensis,
1884 3769 2157 3810 secretarius.”

481 3844 594 3886 Loco
623 3844 675 3896 ›1‹
703 3842 850 3895 sigini.
