2534 4374
769 491 846 533 DE
889 490 1064 535 STATU
1109 493 1506 537 REGULARIUM.
1961 483 2082 539 425

1080 717 1198 777 ΧΙ.

179 906 280 959 DE
345 903 637 957 LITERIS
699 902 1374 959 TESTIMONIALIBUS
1444 909 1585 961 PRO
1656 911 2088 964 RELIGIOSIS.

178 1059 472 1113 Decretum
522 1058 725 1112 Sacrae
766 1055 1227 1124 Gonyreyationis
1282 1077 1453 1129 super
1508 1068 1660 1115 statu
1717 1064 2093 1132 Reqularium

253 1142 598 1199 Auctoritate
624 1139 989 1196 Sanctissimi
1015 1141 1255 1195 Domini
1279 1144 1471 1196 Nostri
1491 1145 1591 1199 Pio:
1611 1147 1729 1200 ΡΙ).
1751 1149 1853 1201 IX.
1875 1150 2090 1202 editum

254 1230 320 1283 cle
368 1227 836 1283 testimonialibus
889 1226 1334 1283 ordinariorum
1397 1231 1574 1284 literis
1623 1235 1976 1303 requirendis
2026 1236 2093 1288 in

250 1315 554 1386 ‘receptione
601 1313 856 1378 illoram,
906 1311 1010 1383 qui
1059 1313 1136 1367 acl
1184 1314 1441 1369 habitam
1490 1318 1819 1387 ‘reliyiosam
1862 1320 2093 1374 admitti

250 1400 566 1472 postulant.

324 1540 551 1591 Romani
594 1537 881 1591 Pontifices
921 1555 1015 1607 pro
1059 1556 1238 1591 eorum
1282 1543 1534 1608 pastorali
1574 1562 1715 1607 cura,
1740 1562 1847 1613 qua
1890 1563 2094 1614 semper

181 1625 527 1695 Regularium
552 1624 876 1676 familiarum
915 1624 1053 1676 bono
1090 1629 1147 1676 et
1170 1625 1435 1694 splendori
1460 1630 1752 1697 prospicere
1776 1647 1882 1682 non
1908 1634 2097 1682 omise-

182 1717 325 1775 runt,
347 1711 484 1762 illud
509 1709 872 1778 Superioribus
898 1726 992 1777 pro
1016 1710 1215 1763 viribus
1241 1715 1696 1777 commendarunt,
1723 1722 1784 1766 ut
1810 1722 2094 1785 antequam

179 1799 250 1849 ad
275 1796 580 1866 religiosum
604 1794 851 1846 habitum
890 1795 1228 1848 Postulantes
1266 1796 1575 1867 reciperent,
1615 1801 1680 1852 de
1720 1802 1931 1853 illorum
1968 1805 2095 1866 vita,

184 1882 416 1934 moribus
441 1880 732 1949 ceterisque
756 1881 972 1932 dotibus
997 1885 1054 1933 et
1078 1882 1430 1951 qualitatibus
1456 1886 1638 1937 sedulo
1663 1887 2004 1954 inquirerent,
2030 1907 2096 1939 ne

184 1969 419 2038 indignis
443 1968 511 2018 ad
535 1967 805 2036 religiosas
829 1966 1080 2031 familias,
1105 1984 1213 2020 non
1257 1970 1369 2020 sine
1412 1971 1646 2022 maximo
1685 1972 1899 2023 illarum
1934 1974 2098 2025 detri-

185 2059 384 2117 mento,
433 2054 632 2104 ostium
681 2053 1030 2122 adaperirent.
1146 2054 1342 2107 Verum
1393 2057 1690 2124 quamlibet
1743 2059 2098 2111 Moderatores

181 2141 446 2193 Ordinum
470 2139 809 2208 diligentiam
833 2140 1122 2192 adhibeant
1162 2141 1220 2192 in
1259 2143 1723 2195 informationibus
1750 2146 2098 2213 exquirendis,

185 2234 242 2283 in
268 2231 415 2303 gravi
440 2235 623 2282 tamen
648 2234 712 2282 ut
735 2229 1028 2298 plurimum
1054 2236 1329 2282 versantur
1370 2231 1605 2300 periculo
1630 2233 1973 2302 deceptionis,
1997 2236 2099 2285 nisi

185 2319 253 2369 ab
300 2318 533 2369 locorum
583 2316 934 2368 Antistitibus
989 2317 1360 2369 testimonium
1408 2319 1690 2386 exquirant
1738 2320 1875 2370 circa
1922 2337 2099 2371 eorum

179 2403 489 2472 qualitateS,
555 2403 651 2471 qui
714 2402 783 2454 ad
846 2402 1092 2453 habitum
1155 2402 1462 2472 religiosum
1526 2403 1744 2455 admitti
1793 2406 2097 2472 postulant:

187 2490 454 2542 Ordinarii
478 2489 622 2540 enim
647 2489 702 2540 vi
726 2488 1003 2557 pastoralis
1018 2488 1179 2540 officii
1198 2505 1319 2540 oves
1335 2505 1455 2540 suas
1469 2506 1595 2559 prae
1613 2491 1799 2541 ceteris
1824 2507 2099 2561 agnoscere

185 2578 424 2644 possunt,
450 2578 506 2625 et
532 2591 685 2642 saepe
711 2575 917 2642 saepius
943 2591 1005 2626 ea
1022 2574 1361 2627 manifestare
1387 2575 1789 2644 impedimenta,
1816 2592 1947 2643 quae
1972 2576 2102 2627 alios

187 2662 375 2714 latent.
451 2660 598 2712 Haec
622 2661 1047 2713 animadvertens
1093 2660 1470 2713 Sanctissimus
1496 2661 1562 2712 D.
1590 2661 1659 2713 N.
1687 2661 1816 2712 Pius
1843 2661 1951 2714 PP.
1980 2663 2100 2724 IX„

182 2734 374 2798 audito
399 2751 524 2797 voto
550 2745 604 2797 S.
632 2746 696 2798 R.
732 2746 796 2797 E.
842 2745 1207 2798 cardinalium
1248 2746 1408 2816 hujus
1449 2746 1636 2799 Sacrae
1669 2745 2102 2816 Congregationis

190 2849 342 2900 super
366 2835 514 2881 statu
532 2830 898 2899 Regularium,
913 2831 1243 2900 attentisque
1262 2831 1712 2900 postulationibus
1729 2833 2100 2883 nonnullorum

190 2917 587 2985 Episcoporum,
613 2917 874 2984 praesenti
900 2917 1110 2968 decreto
1136 2917 1335 2984 ubique
1359 2917 1592 2968 locorum
1618 2918 1887 2985 perpetuis
1912 2918 2103 2968 futuris

188 3002 513 3069 temporibus
529 3003 797 3066 servando,
814 3002 960 3065 haec,
977 3019 1112 3070 quae
1129 3007 1436 3070 sequuntur,
1452 3003 1758 3071 Apostolica
1784 3004 2102 3055 auctoritate

190 3087 404 3150 statuit,
429 3090 590 3154 atque
615 3087 868 3139 decernit.

340 3211 388 3263 1.
440 3211 506 3262 In
531 3228 866 3279 quocumque
911 3212 1121 3277 Ordine,
1166 3212 1601 3283 Congregatione,
1628 3212 1913 3275 Societate,
1940 3212 2104 3262 Insti-

188 3302 333 3362 tuto,
374 3298 716 3362 MonasteriO,
755 3299 945 3362 Domo,
982 3301 1092 3350 sive
1135 3300 1194 3349 in
1233 3300 1300 3350 iis
1343 3300 1661 3349 emittantur
1685 3302 1809 3349 vota
1834 3298 2106 3360 solemnia,

188 3384 305 3435 sive
329 3383 612 3452 simplicia,
638 3388 694 3435 et
716 3383 846 3435 licet
889 3389 1079 3453 agatur
1122 3385 1188 3435 de
1233 3383 1534 3447 Ordinibus,
1581 3382 2103 3452 congregationibuS,

196 3468 570 3533 Societatibus,
597 3469 890 3532 Institutis‚
916 3469 1271 3532 Monasteriis,
1297 3487 1358 3519 ac
1398 3469 1672 3531 Domibus,
1698 3486 1832 3536 quae
1858 3486 1921 3518 ex
1947 3485 2105 3535 pecu-

195 3553 313 3604 liari
337 3555 619 3623 privilegio
645 3556 810 3606 etiam
835 3556 894 3606 in
910 3573 1120 3624 corpore
1136 3555 1273 3623 juris
1293 3555 1487 3616 claUSO,
1508 3553 1591 3604 vel
1612 3553 1717 3604 alio
1737 3553 1923 3620 quovis
1942 3552 2105 3603 titulo

189 3640 254 3690 in
302 3640 526 3692 decretis
574 3640 905 3710 generalibus
954 3659 1061 3693 non
1110 3640 1639 3708 comprehenduntur,
1689 3641 1791 3690 nisi
1853 3639 1916 3689 de
1977 3639 2104 3706 ipsis

191 3725 456 3793 specialis,
497 3726 793 3790 individua,
836 3731 892 3778 et
933 3743 1171 3795 expressa
1195 3727 1396 3777 mentio
1435 3725 1548 3788 fiat,
1592 3742 1746 3775 nemo
1771 3724 1837 3774 ad
1863 3723 2102 3774 habitum
