2534 4374
31 3389 46 3420 i

0 3717 455 3924 *N

970 490 1247 534 nicenam.
1935 484 2058 542 229

147 637 438 706 exemplar,
464 640 497 666 ‘⁶
514 640 578 685 ut
602 636 646 685 is
672 635 764 702 qui
791 651 854 685 ex
879 636 1092 685 adverso
1116 642 1197 686 est
1221 644 1473 703 vereatur,
1493 640 1630 692 nihil
1650 641 1845 694 habens
1864 646 2063 698 malum

64 746 75 759 .
152 723 326 775 dicere
351 722 416 771 de
441 718 664 771 nobis-”¹
733 724 767 750 ‘⁶
786 717 1060 786 Simplex”
1086 719 1162 770 ibi
1190 725 1222 751 ‘⁶
1240 721 1514 788 splendeat
1539 725 1853 785 munditiem
1893 744 2063 795 neque

155 810 213 860 in
262 805 599 875 supellectili,
647 820 776 855 neve
826 805 882 854 in
932 811 1140 868 omatu,
1189 806 1393 873 aliquid
1444 808 1594 859 luxui
1642 810 1722 862 vel
1779 814 2063 865 mundanis

146 893 430 947 affectibus
491 891 778 941 inserviens
839 890 1275 957 deprehendatur.
1383 893 1653 963 Imagines
1714 896 1942 949 ludicras
2004 907 2060 950 ct

154 977 394 1040 insulsas,
450 975 646 1026 aliasve
704 975 960 1026 sacerdoti
1010 991 1116 1027 non
1167 979 1553 1041 convenientes,
1602 997 1723 1047 prae
1780 982 1947 1033 oculis
1997 1000 2063 1035 ne

154 1065 406 1116 habeant:
451 1062 542 1113 sed
567 1061 638 1112 sit
662 1062 720 1111 in
744 1077 1061 1129 unoquoque
1086 1063 1331 1113 cubiculo
1357 1064 1535 1133 imago
1562 1065 1778 1116 Domini
1807 1068 2063 1132 crucifixi,

156 1152 240 1203 vel
265 1149 638 1204 Sanctissimae
662 1147 765 1199 Dei
793 1147 1080 1199 Genitricis
1107 1148 1484 1202 Sanctorumve
1510 1152 1725 1221 effigiem,
1746 1154 1829 1204 vel
1851 1156 2062 1207 tabulae

155 1238 324 1290 vitam
350 1235 638 1288 Salvatoris
663 1234 747 1285 vel
773 1250 971 1285 sacram
997 1233 1275 1285 historiam
1300 1235 1704 1289 illustranteS.”²

298 1346 349 1395 2.
401 1342 736 1412 Regularitas
760 1342 819 1391 in
844 1341 1090 1392 omnibus
1115 1341 1344 1392 fideliter
1370 1342 1685 1394 observetur.
1760 1347 1842 1396 Ad
1877 1346 2057 1398 horam

156 1431 316 1482 fixam
341 1428 564 1479 Missam
589 1426 815 1478 celebret
841 1426 1076 1477 sacerdos
1096 1445 1110 1488 ;
1162 1430 1235 1490 et,
1259 1428 1502 1495 quamvis
1527 1430 1593 1479 ad
1619 1431 1908 1482 audiendas
1934 1451 2056 1483 con-

154 1515 400 1566 fessiones
442 1529 645 1580 semper
684 1515 899 1579 paratus
934 1528 1043 1562 esse
1068 1511 1241 1575 debet,
1267 1513 1573 1579 praesertim
1615 1515 1796 1565 diebus
1822 1522 1876 1566 et
1921 1518 2060 1568 horis

154 1600 337 1653 ordine
379 1599 598 1650 statutis
640 1599 699 1648 in
749 1596 1006 1647 tribunali
1056 1596 1139 1647 vel
1190 1597 1376 1647 saltem
1421 1598 1478 1648 in
1523 1599 1741 1651 ecclesia
1785 1613 2059 1671 promptus

79 1714 89 1722 η
145 1685 476 1754 inveniatur,
524 1701 591 1735 ne
641 1701 704 1734 ex
755 1682 970 1733 defectu
1018 1682 1215 1733 ordinis
1255 1686 1312 1733 et
1359 1684 1597 1734 methodi
1648 1687 1963 1753 proveniant
2005 1695 2055 1738 et

155 1771 458 1823 scandalum
481 1774 538 1821 et
562 1770 859 1820 animarum
885 1767 1221 1819 detrimenta.
1293 1767 1570 1820 Custodite
1594 1771 1831 1821 ordinem
1856 1776 1911 1822 et
1936 1773 2060 1822 ordo

154 1870 246 1907 vos
271 1855 552 1907 custodiet.

296 1956 347 2006 3.
398 1952 682 2005 Foeminae
706 1955 765 2004 in
790 1954 948 2005 domo
973 1954 1253 2006 sacerdotis
1277 1970 1345 2004 ne
1370 1954 1632 2004 resideant
1666 1954 1776 2004 sine
1803 1971 2055 2005 consensu

144 2039 433 2093 Ordinarii.
532 2040 824 2109 Magistrae
874 2040 1037 2090 etiam
1088 2038 1381 2091 scholarum
1437 2056 1720 2107 earumque
1769 2040 2060 2108 discipulae

153 2126 517 2195 coadjutriceS‚
559 2127 756 2194 quippe
800 2142 932 2193 quae
970 2131 1026 2176 et
1063 2125 1427 2194 intelligentia
1452 2130 1508 2176 et
1543 2125 1722 2176 indole
1749 2126 2060 2177 excultiores

151 2210 278 2274 sint,
315 2211 538 2279 ideoque
582 2211 1026 2261 calumniatorum
1075 2211 1274 2281 linguis
1318 2212 1488 2279 magis
1528 2212 1799 2275 obnoxiae,
1844 2213 2059 2262 omnino

151 2295 527 2364 prohibeantur
550 2314 618 2347 ne
643 2297 701 2346 in
725 2296 1044 2365 presbyterio
1069 2313 1174 2347 una
1199 2313 1323 2347 cum
1349 2296 1484 2347 clero
1509 2314 1733 2364 usquam
1774 2297 2053 2359 resideant,

152 2382 255 2434 nisi
281 2383 350 2434 ob
372 2382 608 2450 aliquam
632 2383 894 2433 rationem
920 2381 1183 2450 Episcopo
1209 2382 1481 2449 cognitam
1507 2387 1562 2432 et
1586 2381 1654 2432 ab
1678 2398 1739 2432 eo
1764 2382 1820 2431 in
1847 2381 2057 2448 scriptis

143 2468 514 2536 approbatam.
588 2472 622 2498 “
643 2467 901 2518 Famulae
937 2471 1121 2518 autem
1161 2484 1294 2535 quae
1337 2467 1650 2535 presbyteris
1677 2467 1911 2518 serviunt
1948 2466 2057 2515 sint

88 2594 102 2609 .-
151 2554 491 2621 provectioris
515 2553 724 2617 aet-atis,
748 2553 1028 2616 modestia,
1053 2553 1340 2620 prudentia
1370 2553 1616 2620 vitaeque
1641 2551 1879 2602 illibatae
1903 2567 2056 2617 expe-

150 2638 379 2689 rimento
402 2638 671 2706 probatae,
695 2642 759 2688 ut
795 2654 1058 2690 canonum
1094 2638 1387 2690 sanctiones
1413 2635 1730 2688 serventur.”
1746 2636 1767 2667 3
1825 2635 2057 2701 Ideoque

151 2741 480 2791 summopere
528 2727 750 2775 caveant
799 2724 1089 2775 sacerdotes
1138 2740 1170 2774 a
1218 2724 1534 2791 quibusdam
1596 2722 1857 2784 foeminiS‚
1917 2737 2052 2787 quae

150 2810 487 2873 dominando,
529 2826 784 2877 pauperes
823 2808 1019 2861 Christi
1064 2809 1418 2877 despiciendo,
1445 2809 1727 2859 discordias
1765 2807 2055 2858 susurribus

145 2895 474 2958 >seminand0‚
500 2911 620 2945 vere
645 2893 786 2945 fiunt
827 2895 1092 2946 missionis
1135 2898 1322 2962 pestes.
1397 2894 1618 2961 Insuper
1643 2893 1779 2944 clero
1812 2891 2055 2960 prohibe-

150 2996 269 3030 mus
293 2996 360 3030 ne
385 2979 681 3031 scholarum
705 2979 1003 3048 magistraS‚
1028 2979 1111 3030 vel
1150 2996 1329 3030 earum
1368 2979 1652 3046 discipulas
1689 2977 2052 3045 coadjutriceS,

146 3064 234 3115 vel
270 3065 525 3117 foeminas
562 3065 745 3121 domui
793 3066 1136 3116 inservientes
1174 3082 1349 3116 secum
1389 3065 1457 3115 ad
1501 3080 1737 3114 mensam
1782 3062 2048 3112 considere

152 3150 345 3201 sinant.

295 3252 347 3299 4.
397 3252 431 3279 “
447 3247 639 3299 Nullus
666 3249 899 3299 sacerdos
923 3249 981 3298 in
1007 3248 1163 3298 domo
1188 3248 1448 3298 conducta
1472 3251 1567 3296 aut
1592 3246 1799 3313 privata
1822 3244 2048 3294 resideat

143 3335 343 3402 absque
367 3333 577 3401 praevio
603 3333 854 3401 Episcopi
879 3332 1182 3384 consensu.’'
1201 3332 1223 3362 ⁴

968 3487 983 3511 ¹
1008 3488 1095 3529 Tit.
1117 3488 1162 3528 ii.
1188 3490 1225 3528 8.

700 3556 754 3596 ²1
782 3559 892 3597 Cone.
934 3558 1139 3597 Westmon.
1167 3556 1290 3596 Decr.
1313 3554 1430 3595 xxiv.
1454 3556 1492 3594 3.

746 3622 764 3645 ³
801 3626 817 3662 1
845 3625 954 3663 Cone.
986 3624 1102 3663 West.
1124 3622 1250 3662 Decr.
1273 3621 1388 3661 xxiv.
1411 3625 1447 3659 4.

325 3691 346 3714 ⁴
378 3692 522 3738 Samod.
550 3691 745 3741 murm„
765 3690 817 3731 de
835 3690 940 3731 Vita
958 3691 1000 3730 et
1020 3689 1254 3729 Honestate
1278 3687 1547 3736 elericorum,
1569 3698 1614 3725 n.
1639 3687 1702 3737 10,
1732 3698 1775 3739 p.
1799 3687 1863 3726 38.
