2534 4374
778 922 1551 1004 APPROBATIO.

934 1338 1418 1403 DECRETUM

353 1538 404 1591 S.
446 1536 1086 1591 CONGREGATIONIS
1124 1540 1219 1590 DE
1260 1540 1745 1595 PROPAGANDA
1785 1544 1973 1597 FIDE.

357 1727 486 1777 Post
511 1726 817 1777 restitutam
843 1726 900 1776 in
927 1726 1120 1795 Anglia
1151 1725 1576 1779 Ecclesiasticam
1612 1730 1967 1781 Hierarchiam
2004 1733 2101 1782 ΙΙΙ.

212 1811 451 1880 Synodus
489 1811 835 1862 Provincialis
865 1810 1049 1861 habita
1074 1816 1153 1861 est
1182 1828 1320 1862 anno
1345 1814 1606 1880 superiore
1631 1816 1771 1882 apud
1800 1815 1852 1865 S.
1880 1816 2099 1866 Mariam

209 1899 275 1947 de
312 1895 514 1958 Oscott,
550 1897 880 1964 praesidente
919 1896 1070 1947 Emo,
1108 1913 1170 1947 ae
1208 1896 1421 1950 Revm0.
1463 1898 1526 1948 D.
1566 1899 1783 1950 Nicolao
1821 1899 2102 1956 Wiseman,

209 1981 473 2033 cardinali
512 1981 915 2048 Archiepiscopo
945 1980 1504 2034 westmonasteriensi.
1581 1983 1713 2035 Cum
1751 1991 1929 2035 autem
1962 2003 2102 2052 prav-

206 2068 382 2118 dietae
419 2065 617 2134 Synodi
654 2066 788 2116 Acta
822 2071 878 2116 et
914 2065 1137 2116 Decreta
1166 2069 1430 2134 proposita
1466 2068 1659 2118 fuerint
1693 2070 1746 2118 in
1778 2070 2102 2137 generalibus

207 2153 452 2206 Colnitiis
488 2151 634 2203 Sacri
673 2150 892 2203 Consilii
931 2151 1229 2203 Christiano
1267 2153 1484 2204 Nomini
1537 2154 1879 2224 propagando
1915 2155 2000 2204 die
2039 2158 2101 2203 16

206 2238 402 2306 Aprilis
433 2237 593 2305 hujus
623 2237 750 2287 anni
782 2237 935 2300 1860,
961 2237 1215 2289 referente
1240 2238 1391 2288 Em0.
1418 2256 1477 2289 ac
1505 2238 1719 2289 Revmo.
1747 2239 1809 2289 D.
1838 2240 2097 2289 Cardinali

206 2324 474 2375 Ludovico
516 2322 597 2374 De
639 2322 873 2384 Alteriis,
918 2322 1058 2372 Emi.
1105 2322 1288 2373 Patres
1328 2330 1640 2374 censuerunt
1681 2323 1949 2392 Synodum
1998 2325 2099 2373 111.

205 2409 590 2460 Provincialem
627 2407 1239 2459 westmonasteriensem
1268 2408 1428 2476 juxta
1465 2409 1680 2458 modum
1719 2426 2012 2476 expressum
2048 2411 2096 2459 in

202 2495 410 2563 adjecta
433 2493 783 2544 instructione
808 2492 874 2543 de
898 2509 1042 2543 more
1066 2493 1318 2544 tradendo
1344 2510 1452 2544 esse
1477 2494 1882 2560 adprobandam.

347 2600 500 2650 Hane
544 2615 664 2649 vero
709 2597 763 2648 S.
810 2596 1243 2666 Congregationis
1294 2600 1610 2649 sententiam
1656 2616 1773 2648 cum
1822 2598 1883 2649 R.
1930 2599 1988 2649 P.
2036 2599 2097 2649 D.

202 2682 484 2750 Cajetanus
529 2680 722 2731 Bedini
761 2680 1196 2747 Archiepiscopus
1233 2680 1527 2730 Thebarum
1566 2679 1620 2730 S.
1657 2679 1871 2730 Consilii
1908 2679 2100 2747 Propa-

201 2768 404 2836 gandae
441 2765 597 2816 Fidei
631 2782 662 2815 a
696 2764 921 2815 Secretis
954 2765 1218 2815 retulisset
1251 2764 1433 2816 SSmo.
1462 2764 1525 2814 D.
1554 2764 1619 2815 N.
1653 2765 1755 2815 Plo
1783 2765 1889 2814 ΡΡ.
1920 2764 2014 2813 ΙΧ.
2044 2765 2094 2812 in

204 2852 490 2904 Audientia
528 2852 634 2902 diei
673 2853 741 2900 22
780 2850 975 2918 Aprilis
1019 2851 1174 2914 1860,
1200 2849 1409 2901 SSmus.
1436 2867 1550 2899 eam
1582 2851 1634 2898 in
1662 2850 1905 2899 omnibus
1931 2856 2093 2898 ratam

204 2940 409 3000 habuit,
452 2938 906 3004 confirmavitque,
949 2953 1009 2987 ac
1051 2952 1289 3003 praesens
1328 2936 1395 2985 ad
1439 2936 1494 2985 id
1541 2935 1819 2985 Decretum
1865 2936 2093 3001 expediri

193 3024 373 3091 jussit.

344 3129 546 3179 Datum
584 3127 784 3179 Romae
808 3144 871 3178 ex
897 3126 1129 3178 Aedibus
1155 3125 1208 3178 S.
1237 3125 1481 3194 Congnis.
1509 3125 1571 3173 de
1600 3122 1938 3190 propaganda
1969 3120 2095 3170 Fide

200 3215 290 3266 die
313 3217 345 3264 2
373 3214 510 3264 Maii
540 3214 694 3266 1860.

1218 3322 1313 3372 AL.
1342 3320 1397 3372 C.
1428 3321 1701 3378 BARNABO,
1733 3314 1915 3385 Praef.

203 3473 430 3547 1..›1‹S.

982 3615 1171 3669 cmm.
1200 3619 1471 3667 ARCHPUS.
1500 3616 1762 3675 Tamum„
1789 3631 1818 3665 α
1850 3611 2088 3665 Sem-etis.
