2534 4374
482 434 604 499 170
1034 450 1193 493 coNc.
1239 449 1405 517 Pnov.
1450 449 1670 493 wuer.
1716 453 1804 493 111.

615 598 715 649 IX.
765 597 1003 649 Tandem
1042 601 1107 648 ut
1143 596 1305 648 finem
1348 595 1475 648 huic
1525 597 1754 649 sermoni
1803 597 2038 665 aliquem
2085 614 2377 667 ponamus;

467 685 516 735 si
558 700 744 751 pueros
786 700 819 734 a
862 683 1049 751 primis
1087 685 1240 736 annis
1282 683 1341 735 in
1384 683 1589 750 pietate
1613 699 1675 733 ac
1699 682 1989 735 virtutibus
2012 682 2379 735 ecclesiasticis

471 770 694 820 enutriri
760 772 817 820 et
882 769 1076 820 erudiri
1124 770 1411 832 voluimuS,
1459 771 1661 834 quanto
1708 769 1881 838 magis
1926 769 2275 837 provectiores
2321 771 2381 821 et

470 855 773 924 vegetiores,
817 871 923 905 non
961 855 1194 923 amplius
1232 854 1372 906 lacte
1412 854 1502 905 sed
1545 854 1663 906 cibo
1689 854 1912 905 fortium
1937 860 2115 923 pastos
2135 855 2381 923 cupimus

469 940 663 991 videre.
755 940 1168 1009 Progrediantur
1213 956 1355 991 nunc
1403 939 1469 990 de
1511 939 1713 990 virtute
1759 939 1819 989 in
1867 939 2144 1003 virtutem,
2191 939 2380 991 altiora

468 1027 675 1091 petant,
739 1024 807 1075 ad
870 1024 1044 1076 Deum
1091 1026 1360 1077 innovatis
1407 1023 1686 1076 conatibus
1733 1025 1948 1092 propius
1995 1025 2267 1089 accedant,
2314 1028 2380 1076 ut

468 1107 798 1160 haereditate
821 1125 985 1177 quam
1009 1111 1386 1178 appetiverunt
1410 1110 1565 1178 digni
1588 1110 1947 1163 inveniantur.

611 1194 770 1245 Nunc
830 1195 896 1246 de
955 1196 1112 1247 modo
1168 1196 1514 1263 promovendi
1591 1196 1651 1246 in
1701 1195 1938 1247 Ecclesia
2003 1194 2228 1264 gloriam
2274 1193 2378 1247 Dei

466 1284 628 1347 atque
676 1271 977 1331 animarum
1026 1281 1271 1344 salutem,
1321 1285 1378 1332 et
1425 1281 1756 1350 propagandi
1793 1297 1918 1350 erga
1966 1280 2378 1332 Divinissimum

468 1365 834 1418 Eucharistiae
892 1365 1294 1418 Sacramentum
1350 1367 1625 1418 ardentem
1677 1367 1953 1435 pietatem,
2003 1383 2127 1436 erga
2176 1365 2379 1419 Imma-

467 1453 703 1503 culatam
739 1451 841 1502 Dei
891 1450 1219 1502 Genitricem
1251 1451 1482 1502 Mariam
1506 1452 1848 1502 tenerrimam
1873 1451 2226 1513 devotionem,
2252 1454 2375 1502 sunt

466 1539 639 1606 magis
681 1538 957 1606 magisque
999 1537 1315 1598 instruendi,
1356 1537 1438 1588 ita
1476 1540 1540 1587 ut
1583 1537 1827 1587 omnium
1853 1540 2076 1587 ·mentes
2117 1536 2377 1588 charitate

469 1628 524 1674 et
590 1623 702 1674 zelo
767 1620 1185 1672 inflammentur.
1285 1619 1438 1681 Quod
1497 1621 1543 1671 si
1591 1620 1874 1687 aliquoties
1924 1620 2215 1690 Episcopus
2262 1622 2377 1689 ipse

467 1708 667 1776 poterit
714 1706 1086 1758 collationibus
1135 1705 1333 1756 talibus
1381 1705 1449 1756 de
1496 1705 1648 1756 rebus
1697 1706 2010 1773 praesidere,
2057 1711 2112 1757 et
2165 1723 2376 1759 suorum

467 1795 743 1845 verborum
779 1793 888 1843 vim
932 1795 988 1842 et
1029 1791 1258 1859 gratiam
1300 1794 1582 1859 praestare,
1620 1790 1759 1841 nihil
1801 1791 2010 1854 melius,
2034 1790 2173 1843 nihil
2197 1793 2376 1859 aptius

465 1882 644 1930 nostro
673 1877 882 1945 judicio
923 1876 1211 1945 excogitari
1253 1879 1448 1943 potest,
1482 1876 1550 1926 ad
1576 1876 1774 1928 clerum
1801 1875 2008 1948 Spiritu
2029 1875 2131 1929 Dei
2155 1877 2375 1946 plenum

466 1965 527 2015 in
549 1963 741 2015 nostris
764 1961 1029 2020 hodiernis
1054 1958 1305 2030 Collegiis
1330 1961 1685 2013 educandum.

1130 2148 1536 2203 DECRETUM
1584 2151 1706 2204 XV.

1027 2292 1109 2348 De
1161 2294 1535 2366 Colleyiorwm
1582 2296 1897 2368 Reyv‘am'me.

611 2434 884 2485 Hactenus
925 2432 993 2484 de
1034 2432 1319 2501 disciplina
1365 2435 1575 2486 interna
1599 2434 1765 2486 trium
1785 2433 2140 2506 collegiorum
2163 2436 2375 2506 loquuti

467 2536 669 2582 sumUS,
704 2522 760 2570 et
798 2534 922 2569 cum
963 2519 1187 2569 maximi
1229 2519 1491 2570 momenti
1531 2520 1603 2571 sit
1643 2524 1706 2570 ut
1741 2537 1921 2571 eorum
1945 2521 2193 2589 regimini
2235 2527 2375 2575 recte

469 2605 694 2675 gerendo
731 2603 1098 2671 prospiciatur,
1149 2607 1309 2670 atque
1351 2608 1416 2655 ut
1449 2605 1591 2672 jura,
1639 2623 2002 2674 quaecumque
2051 2624 2113 2658 ea
2159 2608 2375 2672 fuerint,

469 2698 584 2744 tam
627 2691 1008 2758 Episcoporum
1049 2689 1108 2739 in
1151 2706 1376 2756 quorum
1400 2689 1739 2743 Dioecesibus
1766 2691 2002 2762 Collegia
2025 2695 2374 2761 reperiuntur,

470 2795 631 2846 quam
669 2776 894 2826 aliorum
930 2775 991 2826 in
1032 2776 1100 2826 iis
1143 2776 1392 2828 interesse
1435 2776 1753 2828 habentium
1796 2794 1965 2845 aequa
2005 2779 2209 2830 ratione
2233 2797 2376 2831 com—

469 2866 751 2931 ponantur,
789 2877 1007 2928 sequens
1045 2861 1326 2911 methodus
1368 2865 1583 2928 propter
1620 2862 1875 2929 adjuncta
1918 2863 2167 2930 specialia
2207 2856 2401 2916 trium*

473 2946 842 3015 Collegiorum,
885 2944 1172 2996 dummodo
1219 2946 1493 2996 accesserit
1536 2945 1589 2996 S.
1635 2945 1786 2997 Sedis
1828 2947 2063 3011 licentia,
2090 2948 2375 3013 stabilitur,

473 3033 553 3083 ita
593 3035 775 3081 tamen
811 3033 877 3080 ut
914 3029 1043 3080 haec
1085 3029 1364 3080 methodus
1407 3030 1598 3081 debeat
1640 3032 1751 3082 vim
1793 3031 1983 3083 habere
2020 3049 2114 3099 per
2154 3033 2374 3084 modum

473 3115 784 3185 provisionis
826 3114 895 3164 ad
933 3117 1143 3180 tempus
1186 3113 1376 3176 factae,
1416 3114 1580 3165 donec
1625 3114 1679 3166 S.
1722 3114 1880 3166 Sedes
1915 3132 2033 3166 eam
2056 3118 2374 3167 revocaverit

478 3206 534 3252 et
599 3199 886 3251 dummodo
948 3198 1252 3249 nullatenus
1315 3198 1580 3265 impediat
1646 3199 1731 3250 vel
1779 3204 2010 3251 moretur
2058 3202 2374 3252 erectionem

476 3285 888 3338 Seminariorum
953 3283 1012 3333 in
1079 3281 1301 3351 singulis
1366 3281 1702 3334 Dioecesibus
1759 3284 1829 3334 ad
1877 3285 2100 3335 formam
2151 3284 2373 3336 Concilii

474 3369 777 3422 Tridentini
799 3368 1196 3437 quamprimum
1219 3366 1608 3434 perficiendam.

623 3459 670 3506 1.
722 3454 832 3506 Soli
858 3453 1133 3505 Ordinario
1169 3451 1478 3503 Dioeceseos
1513 3452 1572 3503 in
1609 3469 1715 3521 qua
1757 3451 2052 3523 Collegium
2092 3454 2258 3504 situm
2294 3457 2374 3504 est

479 3541 738 3609 competit
753 3538 1059 3608 jurisdictio
1084 3541 1140 3589 et
1165 3552 1288 3587 cura
1313 3536 1605 3604 spiritualis
1631 3536 1873 3606 Collegii.

621 3629 670 3677 2.
720 3625 756 3677 J
757 3642 820 3676 us
843 3629 899 3676 et
922 3624 1209 3676 auctoritas
1233 3622 1511 3673 ordinandi
1536 3626 1592 3673 et
1620 3622 1928 3673 moderandi
1966 3625 2168 3673 statum
2202 3626 2371 3673 mate-

479 3712 662 3763 rialem
699 3714 755 3762 et
790 3709 1152 3778 temporalem,
1188 3708 1380 3771 studia,
1404 3708 1660 3777 regimen,
1682 3711 1739 3759 et
1771 3706 2108 3776 disciplinam
2147 3705 2371 3776 Collegii
