2534 4374
977 467 1253 509 nisenam.
1940 453 2061 511 165

160 614 462 666 rudimenta
486 613 680 664 debent
714 613 1000 665 necessario
1024 616 1287 683 attingere
1308 633 1321 675 3
1360 632 1484 666 cum
1509 633 1572 666 ex
1599 614 1741 667 hisce
1767 617 1956 666 studiis
1984 627 2064 665 tot

161 715 390 751 errorum
414 701 648 749 monstra
672 699 916 749 adversus
936 698 1091 749 Fidei
1109 700 1373 767 principia
1397 717 1429 750 a
1449 700 1731 751 neotericis
1751 700 1809 749 in
1830 701 2066 750 medium

161 783 502 852 proferantur.
578 782 644 833 In
687 781 829 833 111303
870 783 1183 851 disciplinis,
1227 801 1430 835 necnon
1474 785 1531 835 in
1568 801 1692 835 sana
1732 785 2065 852 philosophia

162 868 364 932 morali,
389 885 577 936 parum
601 872 699 919 aut
721 868 859 920 nihil
884 868 1066 920 differe
1097 871 1295 938 poterit
1331 871 1573 922 omnium
1615 871 1906 922 institutiO.
1984 871 2070 920 Ita

162 958 225 1004 ut
249 953 292 1003 si
318 953 450 1020 quid
474 953 531 1003 in
555 953 675 1004 istis
700 953 911 1004 videtur
935 953 1221 1021 aliquando
1245 955 1669 1018 desiderandum,
1694 972 1799 1006 non
1825 962 1906 1006 est
1930 966 2072 1006 certe

160 1044 225 1089 ut
247 1038 453 1106 aliquid
478 1038 605 1089 inde
629 1038 954 1101 detrahatur,
979 1040 1069 1090 sed
1096 1045 1159 1090 ut
1184 1040 1350 1091 satius
1376 1040 1581 1107 aliquid
1605 1042 1655 1091 ei
1681 1041 1924 1091 addatur.

306 1124 399 1175 IV.
449 1123 530 1175 De
572 1123 819 1192 religiosa
855 1141 1137 1191 puerorum
1169 1126 1534 1190 instructione,
1560 1126 1604 1177 si
1629 1143 1690 1176 ea
1720 1131 1800 1176 est
1825 1126 2072 1177 omnibus

161 1209 473 1273 communis,
498 1212 555 1272 et
577 1209 820 1259 omnium
845 1210 1028 1276 captui
1052 1211 1466 1273 accommodata,
1491 1216 1694 1262 certum
1730 1215 1810 1262 est
1846 1210 2077 1278 diligen-

160 1296 428 1347 tissimum
465 1295 704 1347 studium
741 1295 799 1345 in
840 1311 901 1344 eo
945 1295 1089 1361 poni,
1126 1299 1190 1345 ut
1232 1300 1411 1346 coetus
1454 1297 1730 1363 utriusque
1774 1296 1955 1346 usibus
1999 1297 2070 1346 sit

162 1380 438 1432 sufficiens·
511 1379 652 1430 Nam
678 1379 722 1430 si
749 1396 841 1447 pro
866 1395 973 1429 uno
999 1380 1099 1429 erit
1124 1378 1222 1429 hoc
1249 1379 1658 1432 fundamentum
1699 1382 2076 1431 tantummodo

162 1465 433 1534 amplioris
465 1465 737 1516 doctrinae
778 1464 838 1514 in
876 1462 1175 1533 theologiae
1219 1481 1372 1515 cursu
1416 1465 1581 1516 solide
1621 1466 1843 1533 desuper
1886 1467 2074 1533 adjici-

163 1551 347 1614 endae,
388 1550 491 1602 erit
532 1567 626 1617 pro
668 1549 818 1599 laicis
861 1553 977 1599 tota
1020 1549 1335 1600 erudit-ionis
1384 1554 1667 1612 armatura,
1716 1567 1822 1617 qua
1871 1551 2071 1600 muniti

160 1637 342 1687 erroris
390 1640 447 1687 et
495 1635 845 1702 corruptionis
894 1633 1090 1685 saeculi
1139 1623 1377 1684 hostiles
1420 1639 1639 1685 conatus
1700 1635 1955 1686 sustinere
2018 1641 2074 1686 et

162 1738 401 1789 superare
443 1721 672 1772 valeant.
781 1720 848 1770 In
896 1719 995 1771 hoc
1048 1719 1216 1770 veluti
1267 1720 1438 1770 stadio
1487 1720 1775 1770 virtutibus
1824 1738 1884 1770 30
1935 1721 2078 1770 sanis

162 1806 439 1874 principiis
481 1806 814 1869 imbuuntur,
863 1806 1057 1874 quibus
1106 1804 1541 1856 colluctationem
1590 1805 1836 1855 adversus
1886 1806 2072 1855 mundi

162 1893 431 1944 illecebras
480 1897 537 1944 et
584 1896 804 1943 naturae
852 1892 920 1942 ad
968 1891 1173 1941 malum
1222 1890 1619 1958 proclivitatem
1681 1892 2078 1960 aggrediantur.

162 1979 349 2046 Neque
387 1977 485 2029 hac
529 1994 621 2046 spe
664 1977 932 2028 fraudatos
958 1993 1012 2027 se
1046 1976 1219 2026 dicere
1244 1979 1466 2043 possunt
1492 1975 1762 2043 Episcopi,
1787 1993 1910 2026 cum
1937 1977 2082 2027 inter

163 2060 321 2111 laicos
346 2077 558 2111 suarum
584 2059 939 2121 Dioecesium‚
963 2057 1168 2109 nobiles
1194 2058 1361 2108 etiam
1378 2056 1604 2124 juvenes
1636 2074 1743 2107 non
1786 2074 1979 2124 paucos
2020 2059 2075 2107 in

164 2145 270 2196 suis
289 2143 538 2214 Collegiis
563 2145 813 2195 educatos
837 2144 1071 2206 videant,
1090 2142 1246 2194 Fidei
1272 2142 1547 2205 firmitate,
1567 2143 1804 2193 caritatis
1830 2144 2081 2193 exercitio

165 2234 222 2282 et
245 2234 569 2281 coeterarum
594 2230 860 2280 virtutum
885 2229 1161 2296 splendore
1186 2228 1520 2279 clarissimos·

308 2315 659 2376 Quamobrem
685 2316 793 2366 dici
819 2315 987 2366 forsan
1016 2318 1211 2382 potest,
1231 2314 1543 2382 ampliorem
1569 2331 1630 2364 ac
1651 2313 1948 2364 solidiorem
1969 2331 2078 2363 esse

164 2403 221 2452 in
246 2400 518 2452 Catechesi
542 2405 599 2451 et
623 2401 680 2451 in
704 2400 1021 2452 rudimentis
1047 2399 1203 2450 Fidei
1237 2416 1300 2450 ac
1337 2399 1632 2468 Religionis
1669 2400 2074 2450 instructionem

163 2503 444 2553 puerorum
481 2486 648 2536 statui
680 2484 1054 2536 Ecclesiastico
1078 2485 1486 2547 destinatorum,
1511 2501 1572 2534 eo
1599 2485 1713 2551 ipso
1739 2485 1878 2551 quod
1905 2489 2075 2534 totam

165 2572 460 2622 doctrinam
503 2570 752 2621 hauriant
794 2587 930 2638 quae
963 2570 1115 2621 laicis
1140 2571 1435 2639 praebetur.
1510 2570 1654 2620 Talis
1681 2570 1824 2619 enim
1852 2570 1954 2619 ista
1980 2574 2079 2631 est,

164 2662 228 2708 ut·
250 2674 357 2707 non
382 2656 554 2707 solum
579 2656 895 2723 primoribus
920 2656 1078 2707 labiis
1104 2657 1285 2707 studia
1325 2673 1468 2707 sacra
1512 2656 1756 2706 videatur
1795 2657 2078 2724 attingere,

165 2742 255 2793 sed
279 2742 460 2809 potius
485 2741 799 2810 theologiae,
825 2745 881 2792 et
906 2742 1377 2793 controversiarum
1404 2742 1703 2809 speciatim,
1729 2742 1993 2808 quoddam
2021 2742 2076 2790 in

167 2845 222 2878 se
246 2844 460 2896 germen
485 2827 769 2878 continere.

308 2912 372 2963 V.
422 2912 660 2980 Denique
703 2914 818 2980 ipsa
843 2914 1092 2965 exercitia
1117 2913 1419 2981 spiritualia
1442 2913 1576 2964 talia
1602 2917 1743 2975 sunt,
1768 2918 1833 2961 ut
1858 2913 1991 2962 forte
2017 2912 2074 2961 in

167 2998 399 3067 Collegio
423 3015 563 3049 mere
588 2998 765 3048 laicali
792 3003 965 3049 essent
989 2999 1307 3067 mitiganda.
1394 2996 1534 3049 Sunt
1557 2998 1756 3048 etenim
1782 3014 1843 3047 ea
1867 3014 2076 3064 prorsus

166 3098 287 3130 cum
330 3080 599 3131 nonnullis
642 3081 732 3130 sed
775 3079 982 3131 levibus
1026 3079 1413 3147 discrepantiis,
1447 3096 1581 3147 quae
1618 3080 1677 3129 in
1715 3079 1938 3146 antiquo
1983 3078 2076 3128 illo

166 3166 413 3216 Duaceno
476 3163 725 3234 CollegiO,
777 3165 896 3233 jam
958 3183 990 3216 a
1051 3164 1105 3216 S.
1169 3164 1304 3216 Sede
1362 3164 1669 3231 approbata,
1719 3163 2071 3213 servabantur.

167 3251 489 3312 Quotidiana
531 3251 735 3302 scilicet
773 3252 1056 3302 meditatio
1101 3256 1157 3302 et
1195 3252 1263 3301 ad
1302 3250 1356 3301 S.
1385 3250 1714 3301 Sacrificium
1740 3250 2074 3307 assistentia;

172 3338 297 3388 bina
341 3337 513 3389 SSmi.
556 3337 882 3388 Sacramenti
926 3342 1046 3405 post
1088 3338 1396 3388 refectiones
1445 3336 1713 3394 visitatio;
1765 3334 2078 3401 quotidiana

167 3423 408 3474 lectionis
434 3423 724 3491 spiritualis
749 3424 1109 3484 observantia3
1148 3439 1324 3490 preces
1368 3426 1653 3471 nocturnae
1695 3420 1859 3469 etiam
1900 3420 2078 3486 dupli-

167 3512 317 3558 catae
359 3513 484 3558 ante
523 3508 805 3568 cubitum3
842 3508 1088 3559 recitatio
1130 3507 1370 3566 Rosarii3
1408 3505 1737 3556 observantia
1780 3504 2076 3554 arctissima

169 3593 447 3644 Festorum
497 3593 798 3653 Ecclesiae3
837 3594 1076 3661 frequens
1127 3592 1442 3642 Benedictio
1492 3589 1664 3640 881111.
1711 3588 2074 3648 Sacramenti3

165 3678 409 3728 omnium
451 3678 741 3728 officiorum
784 3677 1277 3728 Ecclesiasticorum
1313 3681 1498 3726 exacta
1528 3679 1583 3724 et
1608 3691 1729 3723 cum
1755 3679 1916 3723 cantu
1942 3674 2079 3724 cele—

168 3762 357 3824 bratio,
372 3779 479 3814 non
504 3763 674 3813 solum
698 3762 758 3812 in
783 3762 969 3813 diebus
990 3761 1220 3812 Festivis
1244 3761 1335 3811 sed
1359 3765 1416 3810 et
1439 3760 1498 3809 in
1514 3759 1623 3825 Maj
1631 3760 1705 3808 ori
1730 3758 2074 3808 Hebdomada
