2534 4374
950 460 1195 502 APPEND.
1243 461 1361 502 XVI.
1986 443 2108 504 331

195 607 305 659 fore
331 613 395 661 ut
420 611 592 662 eidem
620 612 1031 680 patresfamilias
1058 612 1308 663 catholici
1336 629 1388 662 se
1414 611 1815 674 conformarent,
1848 629 1953 679 quo
1988 611 2125 662 filios

197 711 316 745 suos
350 712 382 746 a
415 699 760 764 perversionis
795 697 1043 765 periculis
1074 698 1291 747 omnino
1316 701 1568 748 arcerent.
1644 696 1843 746 Verum
1869 696 2124 746 nonnulla

192 797 333 848 quae
357 787 591 832 recenter
617 788 906 834 evenerunt
932 783 1074 833 facta
1101 784 1229 834 satis
1260 784 1602 834 ostenderunt
1644 783 2026 834 declarationes
2066 783 2123 832 in

195 884 307 917 rem
347 884 379 917 a
417 867 470 919 S.
513 868 649 919 Sede
688 873 960 919 emanatas
993 886 1055 920 ac
1089 869 1364 919 laudatam
1391 870 1776 938 Episcoporum
1802 870 1869 919 ad
1896 869 2125 919 minores

194 951 505 1005 Sacerdotes
565 954 890 1023 encyclicam
949 970 1055 1004 non
1120 955 1278 1005 fuisse
1343 955 1667 1007 sufficienter
1728 956 2123 1024 promulgatam

195 1037 423 1107 ideoque
472 1042 821 1091 necessarium
874 1044 1095 1108 apparet
1144 1045 1208 1090 ut
1257 1040 1441 1092 literae
1491 1042 1778 1109 pastorales
1827 1059 1858 1091 a
1902 1041 2123 1110 singulis

194 1123 422 1193 Angliae
459 1126 794 1178 Praesulibus
831 1126 1194 1193 divulgentur,
1232 1126 1425 1193 quibus
1465 1126 1627 1177 Cleris
1665 1128 1864 1195 pariter
1899 1145 1960 1178 ac
1998 1127 2128 1176 fide-

197 1209 337 1261 libus
372 1229 585 1263 suarum
618 1212 954 1264 Dioecesium
989 1212 1322 1279 perspicuam
1348 1229 1410 1262 ac
1436 1217 1636 1263 certam
1663 1213 1907 1263 tribuant
1932 1213 2123 1281 agendi

198 1312 438 1347 normam
482 1299 536 1348 in
583 1316 639 1349 re
683 1315 806 1349 sane
849 1298 1174 1368 gravissima,
1221 1314 1356 1364 quae
1399 1315 1524 1348 cum
1567 1304 1782 1348 aeterna
1825 1298 2125 1348 animarum

198 1381 370 1433 salute
394 1386 636 1451 apprime
662 1384 1015 1435 connectitur.

343 1467 608 1528 Quoniam
627 1487 748 1521 vero
766 1486 873 1519 non
892 1485 1074 1519 omnes
1092 1468 1236 1519 idem
1256 1468 1427 1519 tulere
1437 1468 1711 1535 judicium
1733 1469 1799 1518 de
1818 1469 2126 1519 acatholicis

200 1552 652 1606 Universitatibus
677 1555 997 1618 devitandiS,
1022 1572 1083 1605 ac
1109 1554 1330 1622 quidam
1362 1554 1530 1604 etiam
1562 1571 1669 1604 non
1702 1555 2006 1617 defuerunt,
2032 1556 2122 1622 qui

193 1644 471 1690 censerent
503 1640 716 1691 tolerari
750 1658 898 1708 posse
923 1645 986 1690 ut
1011 1639 1273 1690 catholica
1289 1638 1549 1706 juventus
1574 1640 1846 1707 praedicta-
1872 1640 2127 1690 instituta

198 1724 574 1791 frequentaret,
605 1728 714 1777 sive
747 1726 815 1777 ob
849 1725 1165 1793 temporalia
1204 1724 1567 1775 emolumenta
1607 1742 1741 1792 quae
1780 1726 1837 1775 in
1877 1726 1943 1775 iis
1984 1743 2126 1775 com-

198 1815 468 1877 parantur,
504 1811 613 1862 sive
646 1813 788 1880 quod
822 1812 881 1862 in
912 1813 1148 1879 ipsorum
1176 1812 1441 1861 sententia
1467 1815 1610 1862 certa
1634 1811 1718 1861 lex
1743 1828 1850 1861 non
1875 1819 2127 1879 appareat

198 1913 304 1963 qua
328 1897 398 1947 ad
422 1896 541 1947 illas
567 1914 801 1947 accessus
827 1897 1066 1948 absolute
1099 1896 1460 1964 prohibeatur,
1494 1913 1680 1963 operae
1714 1898 1951 1964 pretium
1988 1898 2126 1947 arbi-

198 1986 323 2045 tror,
348 1986 413 2032 ut
436 1982 754 2050 Amplitudo
780 1987 877 2033 tua
902 1983 1038 2033 clare
1064 1982 1296 2050 explicet
1320 1983 1379 2032 in
1405 1982 1630 2049 epistola
1654 1983 1906 2050 pastorali
1932 1984 2127 2034 doctri-

198 2085 324 2118 nam
383 2070 449 2119 de
506 2070 760 2137 proximis
809 2070 1065 2137 peccandi
1116 2069 1348 2138 graviter
1397 2069 1757 2120 occasionibus
1807 2070 2125 2131 devitandis,

192 2154 392 2222 quibus
416 2172 573 2206 nemo
607 2156 718 2206 sine
751 2155 940 2205 lethali
972 2160 1192 2223 peccato
1225 2172 1480 2222 exponere
1516 2155 1749 2222 seipsum
1789 2160 1982 2223 potest,
2022 2156 2125 2205 nisi

198 2241 374 2308 gravis
417 2245 605 2310 urgeat
646 2258 708 2291 ac
751 2241 1150 2308 proportionata
1200 2241 1501 2304 necessitaS,
1546 2258 1607 2291 ac
1650 2242 1755 2291 nisi
1799 2242 1932 2291 tales
1975 2241 2127 2291 adhi-

199 2326 424 2377 beantur
449 2326 720 2377 cautiones
749 2326 943 2394 quibus
981 2326 1278 2393 periculum
1317 2326 1574 2393 peccandi
1615 2329 1917 2393 proximum
1957 2345 2126 2378 remo-

200 2417 401 2462 veatur.
476 2411 511 2462 J
514 2429 602 2461 am
626 2428 747 2462 vero
772 2413 831 2462 in
856 2429 912 2463 re
937 2412 1003 2462 de
1028 2428 1135 2479 qua
1159 2412 1358 2479 agitur,
1383 2412 1489 2475 cui,
1516 2428 1580 2462 ex
1607 2410 1818 2462 Summi
1846 2413 2124 2463 Pontificis

200 2498 569 2562 declaratione,
609 2499 956 2549 intrinsecum
994 2499 1469 2567 gravissimumque
1507 2498 1646 2548 inest
1679 2499 1992 2565 periculum,
2018 2516 2123 2549 non

199 2601 293 2652 pro
317 2602 525 2636 morum
551 2589 767 2635 tantum
792 2585 1088 2648 honestate,
1122 2586 1211 2636 sed
1251 2585 1559 2653 praesertim
1597 2602 1691 2653 pro
1727 2585 1848 2648 fide,
1886 2603 2021 2653 quae
2058 2587 2124 2636 ad

201 2671 427 2722 salutem
471 2672 687 2722 omnino
729 2677 811 2722 est
848 2673 1154 2735 necessaria,
1191 2672 1312 2739 quis
1351 2689 1458 2722 non
1492 2672 1640 2722 videt
1680 2672 1771 2722 vix
1805 2677 1901 2722 aut
1933 2689 2001 2722 ne
2035 2673 2123 2722 vix

195 2758 418 2826 quidem
445 2759 558 2809 dari
581 2775 730 2826 posse
753 2758 837 2826 adj
846 2763 1009 2809 uncta
1032 2758 1127 2809 illa
1151 2758 1210 2808 in
1234 2758 1428 2826 quibus
1447 2758 1645 2825 absque
1668 2764 1886 2826 peccato
1912 2759 2125 2809 acatho-

200 2843 335 2893 licae
362 2843 747 2895 Universitates
772 2843 1215 2911 frequententur?
1290 2843 1508 2894 Levitas
1542 2844 1747 2911 ingenii
1774 2849 1932 2910 atque
1958 2844 2124 2893 insta-

200 2928 384 2979 bilitas
409 2929 843 2992 adolescentium,
868 2947 1056 2980 errores
1086 2931 1180 2997 qui
1220 2929 1371 2998 quasi
1412 2947 1536 2979 cum
1576 2946 1703 2979 aura
1744 2930 1801 2979 in
1841 2930 2001 2980 dictis
2041 2931 2124 2979 in-

201 3014 411 3065 stitutis
435 3014 754 3066 hauriuntur
777 3016 974 3083 absque
999 3016 1245 3066 antidoto
1279 3015 1538 3066 solidioris
1574 3016 1862 3078 doctrinae,
1888 3018 2123 3066 maxima

200 3100 281 3150 vis
323 3117 486 3168 quam
528 3101 587 3150 in
622 3101 846 3168 juvenes
891 3106 1135 3151 exercent
1179 3102 1403 3151 humani
1442 3106 1711 3168 respectus
1754 3118 1815 3151 ac
1859 3101 2121 3151 sodalium

201 3185 484 3248 irrisiones,
518 3190 632 3236 tam
669 3203 910 3254 praesens
943 3192 1163 3254 tamque
1199 3188 1502 3254 proximum
1539 3188 1597 3236 in
1642 3186 1995 3237 adolescentes
2037 3188 2122 3237 in-

202 3273 409 3323 ducunt
447 3273 658 3323 labendi
696 3273 1012 3340 periculum,
1050 3277 1115 3323 ut
1152 3273 1303 3322 nulla
1342 3273 1640 3340 generatim
1682 3271 1944 3322 sufficiens
1984 3273 2120 3321 ratio

196 3359 410 3426 concipi
442 3362 622 3426 queat,
654 3362 867 3425 propter
905 3375 1065 3426 quam
1102 3358 1459 3409 adolescentes
1499 3356 1808 3407 acatholicis
1850 3356 2121 3407 Universi-

202 3444 406 3494 tatibus
439 3444 863 3494 committantur.
940 3444 1085 3505 Quae
1118 3462 1240 3494 cum
1277 3444 1357 3492 ita
1388 3443 1514 3505 sint,
1539 3444 1640 3492 erit
1670 3443 1961 3508 sapientiae
1991 3448 2119 3493 tuae

201 3529 283 3578 ita
307 3529 633 3597 argumentis
657 3530 992 3580 auctoritatis
1017 3547 1078 3580 ac
1103 3528 1323 3580 rationis
1349 3528 1433 3577 uti
1453 3528 1510 3576 in
1532 3527 1755 3594 epistola
1774 3528 2117 3596 divulganda,

201 3621 265 3664 ut
292 3616 510 3665 tandem
543 3615 830 3682 aliquando
863 3615 1109 3666 omnibus
1144 3614 1497 3664 sacerdotibus
1536 3614 1734 3680 pariter
1771 3630 1831 3663 ac
1871 3613 2118 3664 fidelibus

203 3700 352 3751 laicis
376 3700 506 3766 quid
532 3700 589 3750 in
614 3700 831 3767 negotio
855 3700 959 3750 isto
982 3700 1294 3767 gravissimo
1314 3700 1508 3749 sentire
1526 3703 1687 3760 atque
1706 3715 1856 3765 agere
1875 3704 2118 3766 oporteat
