2534 4374
481 408 604 468 104
1059 423 1221 465 coNC.
1266 423 1431 467 PRov.
1475 423 1693 466 WESTM.
1739 425 1802 466 11.

454 570 663 621 ⁴Caveat
689 587 808 620 vero
834 568 1066 619 sacerdos
1090 585 1157 618 ne
1180 567 1239 616 in
1259 567 1608 633 suspicionem
1634 567 1788 616 cadat
1830 566 2036 635 aliquid
2059 568 2366 636 recipiendi,

467 659 673 708 intuitu
693 655 1018 707 Sacramenti
1044 654 1414 705 Poenitentiae
1438 653 1506 704 ab
1529 653 1642 719 ipso
1666 653 2041 706 administrati.

609 743 726 793 XV.
778 742 856 792 De
905 739 1264 808 applicatione
1311 738 1568 806 pecuniae
1628 753 1763 804 quae
1812 754 1876 788 ex
1927 738 2139 806 juribus
2200 741 2363 793 stolae

465 828 724 896 provenit,
748 843 854 876 non
878 841 985 875 una
1010 825 1298 890 eademque
1321 823 1496 890 praxis
1519 839 1612 889 per
1630 826 1802 873 totam
1821 823 2030 875 obtinet
2055 825 2362 877 Ecclesiam.

467 914 699 974 Etenim,
743 911 981 978 quamvis
1023 909 1257 959 Ecclesia
1298 907 1566 958 sordidum
1615 913 1894 975 quaestum
1943 910 2248 974 detestetur,
2296 912 2364 962 ob

465 1015 623 1065 quem
648 1014 741 1064 pro
768 995 1223 1046 Sacramentorum
1248 993 1595 1044 celebratione
1621 998 1990 1062 extorqueatur
2013 996 2097 1046 vel
2122 998 2364 1066 exigatur

463 1083 689 1150 pecunia
713 1099 745 1131 a
769 1080 1012 1130 fidelibus
1038 1096 1099 1130 ea
1123 1079 1445 1146 petentibUS,
1473 1077 1773 1131 Concilium
1810 1084 1990 1131 tamen
2014 1080 2362 1133 Lateranense

464 1169 562 1220 sub
600 1166 913 1217 Innocentio
953 1165 1060 1215 III.
1100 1181 1238 1214 anno
1286 1166 1421 1215 1215
1465 1164 1712 1215 habitum
1748 1167 2081 1234 praescripsit
2103 1172 2169 1218 ut
2192 1168 2362 1220 obser-

463 1258 708 1303 varentur
731 1250 1020 1301 laudabiles
1057 1250 1478 1313 consuetudineS,
1503 1266 1727 1317 quarum
1753 1252 1932 1320 vigore
1957 1252 2264 1317 oblationeS,
2298 1271 2362 1305 ex

429 1336 440 1347 ⁶
463 1339 729 1389 occasione
789 1335 1153 1387 celebrationis
1215 1334 1688 1399 Sacramentorum‚
1760 1354 1794 1388 a
1864 1337 2109 1389 fidelibus
2181 1339 2360 1390 altaris

462 1431 720 1481 ministris
761 1428 916 1479 fiunt.
991 1428 1285 1479 Proventus
1327 1445 1391 1479 ex
1433 1428 1531 1478 hoc
1574 1429 1722 1496 fonte
1761 1430 2058 1482 derivantes
2100 1432 2359 1482 ordinario

463 1514 816 1565 sacerdotibus
840 1513 1228 1580 adjudicentur,
1253 1512 1494 1579 quamvis
1513 1512 1728 1563 diversis
1743 1513 1931 1576 modis,
1946 1530 2039 1581 pro
2058 1514 2361 1565 diversitate

460 1600 711 1661 locorum,
754 1597 1155 1649 distribuantur.
1229 1597 1583 1648 Anteferenda
1621 1614 1742 1648 vero
1780 1599 1990 1649 videtur
2032 1599 2250 1650 caeteris
2299 1617 2359 1650 ea

461 1685 766 1735 distributio
815 1700 950 1752 quae
999 1682 1172 1752 magis
1219 1683 1289 1734 ad
1348 1681 1624 1734 allevanda
1683 1699 1840 1734 onera
1886 1684 2152 1735 missionis
2195 1685 2359 1752 possit

462 1771 707 1822 conferre.

603 1854 751 1905 XVI.
801 1855 945 1906 Dum
981 1854 1151 1923 igitur
1185 1853 1521 1921 prohibemus
1555 1869 1623 1904 ne
1657 1853 1862 1921 aliquid
1898 1857 2112 1921 petatur
2137 1853 2360 1924 (multo-

460 1958 563 2009 que
587 1943 757 2010 magis
782 1939 946 2009 exigi)
967 1943 1094 1991 ante
1118 1939 1470 2006 Baptismatis
1494 1939 1579 1990 vel
1597 1938 1933 1990 Matrimonii
1954 1939 2357 1993 celebrationem

460 2031 554 2076 aut
595 2026 760 2076 etiam
803 2030 923 2092 post
962 2025 1368 2076 celebrationem
1404 2023 1574 2076 veluti
1606 2025 1670 2075 de
1703 2024 1844 2091 jure,
1877 2025 2200 2076 remittimus
2235 2041 2358 2092 pru-

461 2112 672 2161 dentiae
711 2111 1091 2178 Episcoporum
1129 2127 1191 2161 ea
1227 2111 1285 2160 in
1323 2111 1431 2160 suis
1469 2110 1786 2161 dioecesanis
1825 2109 2050 2177 Synodis
2086 2110 2184 2161 hac
2218 2111 2282 2162 de
2305 2129 2356 2161 re

461 2201 692 2247 statuere
716 2211 851 2262 quae
876 2194 1345 2246 consuetudinibus
1370 2198 1427 2244 et
1449 2194 1745 2245 conditioni
1770 2193 2001 2245 locorum
2026 2195 2138 2246 visa
2162 2195 2355 2246 fuerint

460 2282 631 2350 magis
655 2286 797 2348 apta.
872 2280 1079 2330 Abusus
1104 2280 1413 2346 praesertim
1437 2296 1634 2343 omneS,
1661 2281 1704 2330 si
1729 2280 1822 2347 qui
1860 2279 2132 2342 exsistant,
2162 2284 2275 2330 tam
2298 2282 2353 2332 in

460 2366 764 2434 quantitate
788 2382 949 2433 quam
974 2366 1033 2415 in
1057 2367 1330 2416 exactione
1355 2364 1659 2433 hujusmodi
1685 2366 2033 2428 oblationum,
2057 2365 2356 2435 diligentis—

461 2453 592 2503 sime
617 2452 898 2518 corrigant,
923 2451 1143 2500 modum
1167 2450 1365 2517 ubique
1389 2467 1618 2517 aequum
1642 2451 1980 2518 imponendo.

602 2536 781 2586 XVII.
827 2535 1139 2603 Quicunque
1154 2535 1605 2586 administrationi
1620 2535 1776 2604 alicuj
1782 2553 1845 2587 us
1859 2537 2120 2588 missionis
2134 2543 2353 2605 praeest,

444 2639 769 2691 quocunque
794 2622 974 2685 titulo,
990 2621 1183 2672 librum
1207 2622 1423 2672 omnino
1446 2624 1626 2671 teneat
1644 2621 1892 2672 diurnum
1916 2623 2155 2672 omnium
2178 2639 2355 2690 recep-

459 2713 635 2759 tarum
660 2713 716 2758 et
740 2723 1083 2774 expensarum
1106 2707 1389 2769 missionis,
1413 2707 1471 2756 in
1494 2723 1599 2773 quo
1624 2706 1866 2773 quotidie
1889 2710 2135 2774 utrasque
2159 2709 2352 2759 scribat

459 2793 866 2855 accuratissime,
903 2796 960 2843 et
995 2808 1088 2843 suo
1123 2807 1357 2859 quasque
1393 2791 1589 2842 ordine.
1665 2790 1878 2841 Habeat
1915 2792 2081 2842 etiam
2114 2809 2273 2859 penes
2298 2810 2351 2845 se

459 2878 685 2927 alterum
710 2877 904 2928 librum
923 2893 1081 2944 quem
1095 2876 1415 2946 Magistrum
1440 2872 1699 2943 (Ledye‘r)
1713 2875 1873 2944 vulgo
1892 2881 2098 2940 vocant,
2115 2878 2174 2928 in
2192 2895 2351 2945 quem

460 2961 754 3024 transferat,
791 2966 913 3029 post
946 2978 1182 3013 mensem
1217 2961 1300 3012 vel
1335 2962 1656 3012 trimestrem
1692 2962 1872 3012 omnia
1907 2978 2042 3028 quae
2078 2963 2136 3012 in
2177 2963 2350 3030 primo

457 3047 591 3097 libro
628 3047 984 3109 continentur,
1018 3047 1100 3097 ita
1135 3050 1317 3098 tamen
1351 3050 1418 3096 ut
1451 3047 1511 3097 in
1549 3046 1790 3098 ordinem
1834 3047 2156 3115 redigantur,
2189 3048 2349 3115 juxta

443 3132 637 3198 >capita
660 3132 729 3182 ad
752 3147 884 3197 quae
909 3147 1115 3183 summa
1137 3147 1393 3199 quaeque,
1417 3131 1525 3182 sive
1548 3134 1758 3199 recepta
1777 3131 1886 3182 sive
1910 3148 2149 3200 expensa,
2172 3134 2345 3185 referri

458 3217 633 3268 debet.

600 3302 809 3352 XVIII.
860 3300 1045 3362 Quivis
1059 3300 1453 3352 administrator
1469 3300 1662 3353 habeat
1684 3305 2039 3370 “computum
2058 3304 2348 3371 apertum‚”

459 3392 523 3436 ut
539 3387 750 3448 dicitur,
766 3387 824 3436 in
838 3403 1018 3437 mensa
1037 3387 1213 3454 aliqua
1231 3387 1589 3437 nummularia
1604 3387 1826 3437 duorum
1851 3388 2080 3438 virorum
2104 3389 2346 3441 honesto-

457 3488 575 3521 rum
599 3470 918 3534 nominibus,
943 3477 1146 3539 praeter
1170 3489 1342 3536 suum,
1367 3472 1672 3539 ascriptum.
1747 3472 1848 3522 Isti
1873 3489 1992 3523 vero
2017 3473 2343 3527 solummodo

439 3557 525 3606 ad
549 3551 991 3606 conservationem
1014 3558 1265 3624 pecuniae
1288 3573 1321 3607 a
1339 3558 1522 3625 quovis
1537 3557 1776 3624 jacturae
1800 3558 2031 3625 periculo
2049 3565 2343 3626 assumptos

440 3658 513 3691 *se
561 3641 744 3702 sciant,
786 3657 957 3707 neque
1006 3659 1114 3693 sese
1161 3641 1306 3693 illius
1354 3642 1802 3693 administrationi
1850 3643 2084 3710 ingerere
2132 3644 2339 3696 debent.

455 3723 749 3775 Deficiente
788 3741 908 3775 vero
946 3741 1071 3788 uno,
1111 3742 1425 3793 quacunque
1466 3725 1531 3777 ex
1569 3742 1742 3789 causa,
1780 3726 1886 3776 duo
1915 3726 2009 3793 qui
2047 3736 2340 3794 supersunt,
