2534 4374
2213 382 2234 426 l

367 447 455 510 38
950 463 1108 506 coNG.
1153 461 1324 505 PRov.
1369 461 1596 504 WESTM.
1642 462 1682 502 1.

358 611 434 662 ⁷ad
471 610 570 662 Dei
607 611 814 661 cultum
857 609 942 660 vel
967 608 1427 660 Sacramentorum
1470 605 1990 659 administrationem
2025 609 2276 676 pertinet,

365 692 646 761 diligenter
687 690 954 752 lustrabit,
996 689 1365 756 inspicietque.
1450 686 1509 738 Si
1551 687 1684 753 quid
1725 704 1846 739 vero
1886 691 2276 742 emendandum

365 772 777 840 deprehenderit,
825 773 1032 822 decreta
1078 771 1298 820 emittat
1345 769 1414 819 ad
1474 768 1615 818 hunc
1669 768 1936 834 effectum,
1989 788 2125 839 quae
2183 790 2276 841 per

364 858 633 908 Vicarium
659 856 985 918 Generalem,
1009 854 1092 905 vel
1118 854 1433 916 Foraneum,
1451 854 1778 905 exsecutioni
1802 855 1917 905 dari
1942 857 2165 909 curabit.

505 942 850 992 Meminerint
888 939 1158 1007 Episcopi,
1194 939 1263 988 ad
1292 954 1533 988 normam
1551 938 1978 1005 Apostolicarum
2005 939 2274 995 Constitu-

360 1027 572 1078 tionum
590 1043 720 1077 onus
740 1026 842 1076 sibi
861 1024 1165 1075 incumbere
1182 1023 1402 1073 statutis
1418 1023 1748 1090 temporibus
1767 1023 1995 1075 Romam
2010 1028 2275 1091 veniendi,

361 1115 530 1162 status
554 1111 880 1178 propriarum
905 1109 1194 1160 diocesium
1220 1106 1275 1159 S.
1302 1106 1428 1159 Sedi
1451 1108 1761 1172 exhibituri,
1786 1114 1842 1160 et
1866 1108 1961 1161 SS.
1995 1110 2274 1179 Apostolo—

359 1213 474 1246 rum
496 1196 683 1245 limina
706 1195 992 1245 visitaturi.

500 1284 553 1331 4.
604 1280 738 1332 Cum
762 1280 942 1347 aliqua
965 1295 1102 1330 nova
1132 1278 1351 1330 ecclesia
1387 1282 1469 1330 est
1506 1280 1797 1344 condenda,
1833 1282 2004 1333 totius
2040 1282 2272 1335 aedificii

356 1366 735 1435 ichnographia
777 1382 900 1415 cum
942 1365 1179 1431 partium
1217 1368 1465 1415 accurata
1507 1364 1864 1417 delineatione
1912 1371 1994 1418 est
2019 1367 2271 1437 Episcopi

358 1451 663 1518 conspectui
689 1449 1017 1517 subjicienda
1036 1466 1051 1508 3
1087 1465 1194 1500 non
1218 1452 1436 1499 tantum
1459 1466 1522 1500 eo
1547 1448 1653 1500 fine
1687 1453 1752 1500 ut
1789 1451 1854 1501 de
1879 1453 2048 1520 operis
2088 1454 2271 1505 decore

355 1536 439 1586 vel
484 1537 749 1605 elegantia
787 1535 1058 1603 judicium
1106 1534 1258 1597 ferat,
1303 1535 1393 1585 sed
1433 1530 1608 1586 multo
1651 1536 1824 1604 magis
1863 1539 1931 1586 'ut
1973 1538 2270 1606 dignoscat,

356 1626 538 1671 utrum
562 1621 741 1672 omnia
764 1620 984 1670 rubricis
1009 1623 1065 1669 et
1090 1619 1456 1670 ecclesiasticis
1481 1619 1688 1688 legibus
1725 1622 1836 1671 sint
1872 1623 2178 1687 conformia,
2211 1629 2270 1676 et

352 1706 519 1756 etiam
533 1710 716 1756 utrum
740 1706 808 1755 ad
831 1704 1073 1755 fidelium
1096 1704 1356 1771 pietatem
1381 1705 1664 1756 fovendam
1689 1707 1921 1757 aedificii
1940 1709 2077 1759 ratio
2101 1710 2269 1777 possit

352 1792 654 1842 conducere.
704 1790 1002 1859 Diligenter
1019 1790 1190 1858 igitur
1207 1790 1479 1858 inspiciat,
1497 1794 1682 1841 utrum
1707 1792 1899 1842 altaria
1922 1794 2032 1844 sint
2057 1796 2267 1863 magni-

355 1876 559 1926 tudinis
601 1875 924 1938 sufficientiS,
964 1878 1020 1925 et
1063 1875 1382 1941 expositioni
1407 1873 1745 1926 Sanctissimi
1779 1875 2106 1929 Sacramenti
2137 1885 2266 1947 apta

355 1960 473 2030 (ubi
497 1961 625 2011 haec
648 1961 763 2010 fieri
788 1958 963 2028 solet),
981 1963 1161 2010 utrum
1179 1959 1372 2028 gradus
1389 1960 1700 2027 presbyterii
1716 1962 1827 2011 sint
1841 1967 1981 2013 recte
2000 1964 2265 2032 dispositi,

351 2051 409 2096 et
433 2046 575 2096 sedes
598 2046 1018 2095 ministrantium
1034 2044 1197 2112 juxta
1219 2043 1453 2095 rubricas
1478 2049 1808 2097 constructae
1829 2065 1843 2096 ε
1882 2051 2064 2098 utrum
2098 2050 2264 2101 etiam

352 2131 532 2183 fideles
567 2132 748 2195 altare,
783 2136 840 2181 et
876 2148 1042 2182 sacros
1077 2131 1211 2180 ritus
1235 2130 1330 2196 qui
1354 2130 1413 2179 111
1438 2146 1499 2180 eo
1523 2135 1867 2199 peraguntur,
1892 2132 2050 2183 facile
2074 2134 2265 2187 discer-

352 2234 475 2267 nere
499 2217 726 2267 valeant.
798 2216 911 2266 Nec
936 2216 1077 2266 sinat
1094 2215 1444 2264 architectum
1462 2215 1531 2265 ad
1555 2214 1983 2268 aedificationem
2001 2222 2263 2288 progredi,

351 2303 457 2353 nisi
502 2302 563 2352 in
609 2302 691 2351 his
750 2301 1011 2364 omnibus,
1058 2299 1297 2362 rubriciS,
1345 2298 1568 2350 decretis
1615 2304 1673 2351 et
1721 2301 1904 2353 usibus
1954 2305 2262 2372 approbatis

355 2386 617 2436 Ecclesiae
644 2403 697 2436 86
731 2387 1149 2437 conformaverit.

497 2474 547 2523 5.
596 2471 725 2521 Post
747 2474 1016 2538 peractam
1039 2470 1176 2520 hanc
1199 2470 1581 2537 provincialem
1608 2471 1900 2539 Synodum,
1917 2477 1973 2524 et
1996 2491 2029 2525 a
2055 2474 2108 2526 S.
2130 2475 2263 2528 Sede

353 2558 398 2626 ej
406 2575 467 2608 us
482 2557 759 2608 emendata
773 2556 856 2606 vel
875 2555 1163 2623 approbata
1186 2555 1427 2618 Decreta,
1444 2557 1644 2626 singuli
1665 2557 1914 2626 Episcopi
1933 2560 2262 2613 dioecesanas

352 2643 715 2693 convocabunt
741 2640 991 2708 SynodOS,
1014 2641 1075 2690 in
1099 2640 1291 2708 quibus
1316 2640 1666 2692 Provincialis
1691 2641 1852 2710 hujus
1879 2642 2106 2695 Concilii
2142 2663 2261 2713 pro-

353 2728 673 2795 mulgabunt
721 2727 947 2789 decreta,
994 2729 1051 2776 et
1085 2742 1147 2775 ea
1190 2742 1327 2792 quae
1370 2726 1457 2776 hic
1499 2726 1583 2777 vel
1621 2727 1770 2791 alibi,
1809 2728 1869 2778 in
1911 2729 2012 2779 tali
2051 2729 2260 2798 Synodo

355 2813 649 2881 peragenda
679 2812 766 2862 vel
802 2811 1122 2862 decernenda
1163 2811 1607 2878 praescribuntur,
1651 2813 1854 2865 facient
1879 2818 1935 2865 et
1959 2815 2256 2867 decernent.

354 2897 727 2947 Dioecesanam
754 2895 1041 2963 Synodum,
1066 2896 1110 2945 si
1134 2893 1250 2945 fieri
1274 2899 1464 2962 potest,
1492 2898 1777 2964 quotannis
1802 2899 2158 2951 celebrabunt.

501 2981 551 3031 6.
599 2980 793 3030 Nullus
830 2979 1122 3047 Episcopus
1172 2979 1379 3030 ordinet
1438 2980 1652 3031 clericos
1701 2999 1765 3032 ex
1813 2983 1987 3033 aliena
2034 2985 2259 3037 dioecesi

354 3066 617 3127 oriundOS‚
656 3066 768 3115 81116
814 3064 1009 3115 litteris
1049 3065 1493 3129 testimonialbUS,
1546 3066 1632 3116 vel
1691 3056 2000 3118 dimissoriis
2058 3070 2259 3138 proprii

357 3149 623 3218 Episcopi.
698 3149 942 3200 Servetur
966 3152 1145 3198 autem
1168 3148 1298 3199 haec
1312 3149 1495 3217 regula
1529 3149 1746 3200 relative
1769 3151 1839 3202 ad
1875 3169 2146 3204 conversos
2185 3154 2254 3205 ad

352 3235 532 3297 fidem,
557 3235 650 3301 qui
675 3251 729 3284 se
753 3250 894 3284 sacro
917 3233 1213 3284 ministerio
1238 3234 1538 3285 desiderant
1561 3236 1879 3303 mancipare.
2000 3223 2007 3229 ⁵

500 3318 550 3370 7.
600 3318 863 3380 SacerdoS,
905 3334 938 3367 a
979 3317 1204 3368 dioecesi
1245 3319 1335 3368 cui
1372 3323 1453 3370 est
1488 3320 1734 3370 addictus
1770 3321 2036 3372 discedere
2058 3322 2254 3387 volenS,

356 3405 513 3455 debet
554 3403 748 3453 muniri
786 3402 980 3453 litteris
1004 3404 1445 3469 excorporationis
1471 3404 1553 3454 sui
1580 3403 1865 3468 Ordinarii,
1900 3422 2072 3473 neque
2097 3407 2254 3475 Epis-

355 3506 518 3557 copus
564 3488 798 3538 alienum
845 3487 1161 3538 sacerdotem
1209 3488 1322 3538 sine
1368 3488 1567 3540 talibus
1613 3488 1808 3541 litteris
1856 3506 1982 3541 suae
2028 3491 2252 3543 dioecesi

356 3590 638 3643 aggregare
660 3574 826 3640 possit
851 3571 938 3642 (1).

501 3681 557 3734 (1)
595 3681 661 3721 De
677 3694 757 3721 usu
773 3681 1079 3734 pontificalium
1095 3682 1148 3722 ab
1168 3682 1385 3736 episcopis,
1407 3684 1527 3723 extra
1553 3694 1649 3723 suas
1676 3682 1883 3725 dioeceses
1915 3686 1997 3725 vid.
2033 3684 2246 3739 Append.,

355 3749 407 3788 11⁶
424 3748 600 3788 XXIII.
627 3761 670 3801 p.
690 3748 754 3791 73.
