2534 4374
462 439 584 504 172
1019 460 1179 502 conc.
1224 460 1391 504 PRov.
1436 460 1657 505 wssm.
1703 462 1791 504 111.

453 604 673 667 tionem,
714 606 819 657 nisi
856 623 948 674 per
980 606 1266 658 Decretum
1300 606 1600 660 Conventus
1639 609 1805 660 annui
1848 608 2009 661 fuerit
2050 609 2365 678 approbata,

453 693 615 756 atque
640 690 699 740 in
725 689 1003 743 Conventu
1028 692 1303 759 superioris
1327 692 1456 743 anni
1479 694 1765 760 proposita.

598 778 648 827 8.
701 774 836 827 Cum
885 777 1122 828 Rectoris
1166 776 1402 829 officium
1450 778 1522 829 sit
1569 778 1940 847 gravissimum
1988 783 2045 831 et
2086 797 2210 831 cum
2258 779 2367 830 viri

454 861 678 927 pietate,
702 861 966 928 sapientia
989 866 1045 912 et
1062 879 1236 913 rerum
1261 863 1588 930 experientia
1611 864 1884 932 conspicui
1915 865 1985 915 ad
2015 864 2155 916 illud
2177 880 2370 934 geren-

455 945 585 996 dum
627 946 824 996 assumi
866 946 1111 1009 debeant,
1153 945 1451 1017 Collegium
1483 949 1580 999 uni
1627 948 1841 1000 Rectori
1889 966 1982 1001 seu
2029 949 2369 1001 Praesident'r

455 1031 840 1094 committatur,
865 1048 1023 1099 quem
1047 1031 1301 1100 Episcopi
1325 1033 1487 1084 simul
1511 1033 1722 1086 collecti
1744 1050 1837 1102 per
1863 1034 2118 1102 majorem
2152 1038 2369 1103 partem..

458 1116 827 1185 suffragiorum
851 1117 1221 1185 designabunt.

600 1203 649 1252 9.
698 1201 1010 1253 Nominatio
1028 1202 1424 1254 Vico-Rectoris
1438 1202 1536 1254 fiat
1553 1220 1586 1254 a
1604 1203 1828 1255 Rectore
1842 1221 1964 1254 cum
1981 1203 2371 1272 approbatione

459 1286 563 1354 maj
571 1287 674 1338 oris
698 1289 907 1340 numeri
933 1289 1317 1356 Episcoporum
1340 1306 1432 1357 per
1456 1287 1798 1341 Ordinarium
1821 1289 1926 1340 loci
1949 1290 2367 1341 communicata.⁴

603 1376 687 1425 10.
737 1373 1052 1426 Professores
1087 1374 1405 1444 Theologiae
1437 1378 1494 1427 et
1525 1374 1899 1443 Philosophiae
1929 1376 2270 1427 nominentur
2292 1376 2370 1427 ab·

458 1457 732 1510 Ordinario
757 1477 882 1511 cum
918 1477 1173 1511 consensu
1206 1461 1421 1528 majoris
1454 1461 1623 1528 partis
1659 1459 2071 1528 Episcoporum:
2109 1461 2205 1512 alii
2239 1477 2369 1512 vero-

456 1543 755 1612 Superiores
778 1550 833 1596 et
857 1545 1174 1597 Professores
1198 1563 1230 1596 a
1248 1546 1468 1598 Rectore
1493 1547 1560 1598 de
1583 1564 1837 1599 consensu
1863 1546 2143 1599 Ordinarii.

604 1632 629 1679 l
642 1633 686 1681 1.
738 1629 1064 1682 Oeconomus
1107 1631 1338 1699 eligatur
1375 1629 1444 1683 ab
1480 1630 1756 1683 Ordinario
1793 1633 1860 1683 de
1893 1632 2111 1683 consilio
2133 1632 2370 1700 reliquo--

456 1732 575 1766 rum
599 1715 979 1782 Episcoporum
1002 1719 1059 1766 et
1083 1716 1150 1766 de
1173 1732 1427 1767 consensu
1450 1716 1663 1784 majoris
1686 1718 1852 1784 partis
1877 1717 2198 1768 eorumdem.

605 1803 687 1852 12.
737 1800 932 1851 Nullus
992 1800 1240 1850 alumnus
1288 1800 1689 1853 Ecclesiasticus
1736 1805 1913 1870 potest
1960 1803 2018 1853 in
2062 1801 2360 1871 Collegium

456 1886 619 1954 recipi
642 1886 775 1954 quin
799 1886 960 1936 fuerit
983 1886 1226 1936 munitus
1251 1885 1567 1938 documento
1592 1904 1685 1955 per
1717 1888 1859 1954 quod
1884 1887 2179 1955 Episcopus
2208 1888 2361 1956 cujus

455 1972 697 2023 Dioecesi
729 1971 888 2022 debet
920 1971 1183 2034 inservire,
1219 1987 1274 2022 se
1315 1987 1440 2023 eum
1471 1976 1729 2040 tanquam
1763 1970 2016 2024 idoneum
2052 1973 2372 2041 approbasse*

457 2058 704 2109 declaret.

605 2145 688 2193 13.
738 2142 858 2194 Nisi
897 2159 1046 2194 casus
1089 2142 1161 2193 sit
1207 2159 1328 2194 vere
1375 2159 1588 2211 urgenS,
1635 2143 1872 2210 expulsio
1922 2143 2126 2194 alumni
2174 2143 2360 2194 Eccle-

460 2229 678 2291 siastici,
705 2229 869 2279 etiam
893 2245 1000 2279 non
1025 2230 1304 2291 tonsurati,
1328 2244 1396 2279 ne
1420 2227 1518 2279 fiat
1540 2245 1633 2296 per
1675 2227 1953 2282 Rectorem
1990 2229 2097 2281 nisi
2134 2228 2202 2280 de
2239 2244 2374 2279 con-

462 2331 616 2366 sensu
640 2313 893 2382 Episcopi
917 2314 1082 2382 ipsius
1106 2313 1329 2364 alumni.

1105 2548 1507 2602 DECRETUM
1566 2551 1717 2602 XVI.

961 2715 1044 2768 De
1078 2713 1467 2768 Missionariis
1505 2714 1866 2787 lvhnitropki&

606 2869 691 2922 Ex
727 2885 865 2921 nova
901 2867 1245 2919 Dioeceseum
1284 2867 1787 2935 circumscriptione,
1812 2868 1898 2920 vel
1935 2869 2054 2921 aliis
2083 2887 2148 2923 ex
2177 2874 2372 2935 causi&

466 2956 622 3007 facile
645 2955 950 3024 contingere
972 2955 1150 3020 potest
1172 2956 1237 3002 ut
1262 2950 1523 3003 Catholici
1545 2954 1790 3005 nonnulli
1822 2956 2217 3023 propinquiores
2255 2960 2365 3010 sint

466 3042 734 3093 Ecclesiae
774 3039 861 3090 vel
897 3038 1142 3089 Missioni
1180 3038 1239 3087 in
1281 3037 1521 3088 Dioecesi
1559 3039 1735 3089 vicina
1783 3039 1918 3091 sitae
1959 3056 2121 3107 quam
2162 3042 2263 3096 ulli
2304 3044 2363 3093 in

465 3128 674 3196 propria
698 3126 870 3176 adhuc
893 3123 1161 3175 existenti.
1235 3121 1350 3182 Quo
1369 3123 1427 3173 in
1445 3139 1568 3173 casu
1585 3129 1806 3190 possunt
1823 3126 2011 3176 exoriri
2035 3129 2373 3194 quaestiones-

466 3217 586 3263 tum
611 3213 748 3262 circa
764 3209 1113 3278 obligationes
1130 3208 1425 3258 vicinorum
1441 3209 1786 3272 sacerdotum,
1805 3213 1925 3261 tum
1945 3212 2081 3262 circa
2099 3213 2362 3267 dictorum

467 3298 709 3349 fidelium
725 3296 850 3364 jura
873 3295 941 3345 ad
964 3293 1179 3344 illorum
1203 3308 1407 3343 sacrum
1430 3293 1805 3344 ministerium.
1880 3293 2014 3346 Cum
2038 3313 2158 3347 vero
2181 3297 2270 3365 huj
2278 3315 2375 3352 us·-

468 3383 616 3434 modi
664 3398 813 3432 casus
860 3380 930 3430 ad
977 3378 1032 3430 S.
1077 3377 1267 3429 Sedem
1315 3377 1477 3427 fuerit
1519 3378 1795 3440 deductus,
1838 3382 1895 3429 et
1943 3379 2207 3431 Sanctitas
2257 3381 2366 3435 Sua

467 3470 697 3538 benigne
737 3485 855 3519 eam
893 3465 1152 3517 remiserit
1189 3463 1257 3514 ad
1294 3463 1430 3514 hanc
1463 3462 1733 3531 Synodum
1759 3465 2160 3530 Provincialem,
2183 3473 2248 3518 ut
2271 3486 2374 3536 pro·

469 3555 733 3607 similibus
776 3554 942 3604 etiam
984 3549 1379 3619 quaestionibus
1420 3548 1774 3616 provideatur,
1818 3557 2133 3603 censuerunt
2181 3553 2374 3605 Patres

471 3642 742 3708 sequentia
784 3639 992 3689 decreta
1032 3635 1329 3697 statuenda,
1367 3634 1524 3684 variis
1566 3651 1739 3685 rerum
1788 3635 2054 3702 adjunctis
2101 3641 2370 3705 quantum

470 3725 585 3777 fieri
608 3727 786 3794 potest
809 3720 1219 3773 accommodata.
