2534 4374
975 488 1253 531 DECRETA.
1937 476 2062 538 233

165 636 320 686 aliter
345 639 627 687 statuatur.
701 637 775 686 Et
813 654 906 705 pro
946 639 1186 707 augendo
1225 638 1400 689 cultus
1433 640 1601 691 divini
1643 642 1840 704 decore,
1866 660 2065 693 necnon

168 738 261 790 pro
285 721 473 788 majori
517 721 575 771 in
619 723 773 772 sacris
811 722 995 772 officiis
1032 723 1415 787 uniformitate,
1441 727 1793 794 praecipimus
1818 732 1879 777 ut
1906 746 2069 778 saecr-

166 808 317 857 dotps
342 807 643 869 saeculareS,
668 813 723 857 et
748 808 1009 875 regulares
1033 810 1123 876 qui
1150 811 1421 878 proprium
1461 812 1658 862 ordinis
1691 812 1936 863 habitum
1964 831 2065 864 non

165 897 378 960 gerunt,
418 893 853 959 quotiescumque
878 894 1090 960 publice
1129 895 1348 947 Missam
1389 898 1669 960 celebrant,
1710 899 1924 949 verbum
1970 899 2067 948 Dei

170 978 493 1046 praedicant,
518 978 601 1028 vel
641 978 811 1041 aliter,
836 980 1070 1030 vestibus
1110 982 1267 1031 sacris
1313 982 1511 1045 induti,
1537 983 1707 1033 officia
1753 985 1808 1033 in
1853 984 2070 1035 ecclesia

170 1068 447 1133 peragunt,
477 1063 560 1114 vel
599 1064 668 1113 iis
709 1065 982 1129 assistunt,
1015 1066 1198 1116 eodem
1239 1067 1418 1118 collari
1453 1069 1630 1119 induti
1664 1070 2070 1137 conspiciantur,

169 1148 250 1197 ita
275 1154 338 1196 ut
363 1147 582 1196 camisia
607 1147 744 1196 circa
769 1146 963 1196 collum
989 1147 1295 1198 nullatenus
1320 1150 1618 1216 appareat.”
1641 1152 1657 1182 ¹

318 1261 400 1310 13.
440 1259 599 1309 Hisce
637 1259 873 1310 Decretis
908 1261 1033 1310 haec
1060 1260 1258 1322 Quarta
1284 1261 1523 1330 Synodus
1548 1264 1807 1331 quaedam
1834 1265 2070 1314 addenda

166 1345 409 1413 expedire
459 1345 516 1394 in
565 1343 793 1394 Domino
834 1345 1063 1412 judicat.
1152 1345 1514 1413 Praecipimus
1564 1365 1685 1417 ergo
1735 1357 1795 1398 ut
1844 1348 2065 1416 quilibet

172 1431 403 1483 sacerdos
428 1429 616 1480 collare
643 1429 942 1480 Romanum
967 1447 1072 1480 non
1099 1431 1269 1481 solum
1293 1448 1460 1499 quum
1486 1433 1842 1483 ministerium
1869 1450 2070 1483 sacrum

170 1521 389 1580 exercet,
433 1516 522 1566 sed
563 1532 765 1582 semper
813 1515 964 1579 ferat,
1007 1520 1072 1566 ut
1120 1520 1397 1585 tamquam
1448 1518 1679 1568 sacerdos
1721 1518 1789 1568 ab
1830 1519 2073 1568 omnibus

166 1603 526 1672 dignoscatur.
579 1601 922 1652 Decernimus
940 1602 1154 1669 insuper
1178 1602 1394 1651 omnino
1421 1603 1731 1652 servandum
1759 1620 1866 1653 esse
1892 1620 1923 1653 a
1947 1604 2072 1653 viris

166 1687 537 1740 ecclesiasticis
561 1703 761 1737 morem
787 1685 985 1737 Romae
1010 1687 1290 1750 usitatum,
1308 1704 1413 1738 non
1439 1689 1710 1740 nutriendi
1736 1690 1953 1757 capillos
1978 1707 2073 1740 nec

169 1777 228 1827 in
252 1775 403 1844 genis
427 1790 524 1824 nec
549 1773 605 1823 in
631 1772 853 1822 ment0.2

319 1892 402 1939 14.
439 1887 514 1937 Et
547 1888 591 1938 si
626 1886 746 1954 quis
780 1887 1014 1938 sacerdos
1047 1888 1368 1939 vestimenta
1392 1889 1655 1940 clericalia
1681 1891 1760 1940 ita
1785 1890 2074 1940 immutata

170 1974 381 2034 habeat,
420 1970 526 2021 nisi
569 1970 626 2019 in
667 1986 790 2019 casu
829 1969 1091 2020 rarissimo
1131 1970 1200 2021 ab
1240 1968 1518 2022 Ordinario
1543 1972 1826 2039 probandO,
1865 1976 1927 2023 ut
1970 1989 2073 2022 non

165 2057 401 2126 amplius
450 2072 547 2106 ceu
605 2053 740 2105 clero
796 2053 957 2121 hujus
1013 2055 1316 2122 provinciae
1374 2056 1669 2124 adscriptus
1718 2058 1785 2107 ab
1833 2056 2074 2108 omnibus

164 2143 382 2211 agnosci
421 2141 606 2209 possit,
630 2144 686 2190 et
710 2143 774 2189 ut
799 2138 883 2189 vel
907 2140 964 2189 in
1006 2141 1357 2207 suspicionem
1398 2141 1645 2192 fidelibus
1685 2143 1841 2193 cadat
1879 2142 1961 2192 vel
2001 2143 2075 2192 eis

170 2228 375 2280 notorie
424 2226 728 2278 scandalum
778 2226 1045 2293 praebeat,
1094 2242 1267 2293 neque
1315 2227 1383 2277 ad
1438 2227 1661 2278 Missam
1711 2228 2073 2279 celebrandam

172 2332 344 2383 neque
368 2315 424 2364 in
451 2311 747 2364 sanctuario
773 2312 841 2362 ad
866 2311 1064 2362 divinis
1089 2310 1273 2362 officiis
1298 2313 1651 2363 assistendum
1677 2314 2014 2364 admittatur.

320 2430 401 2480 15.
440 2427 486 2478 A
527 2426 765 2494 patribus
803 2425 996 2476 nostris
1035 2425 1092 2475 in
1125 2424 1362 2476 Concilio
1388 2425 1729 2489 Londinensi,
1753 2443 1890 2477 anno
1920 2429 2074 2487 1248,

163 2514 518 2585 congregatis,
596 2512 891 2564 clericalem
970 2512 1215 2562 habitum
1301 2513 1531 2564 deserere
1606 2513 1910 2581 judicatum
1995 2520 2075 2564 est

170 2617 384 2670 gravem
409 2604 465 2651 et
488 2615 789 2667 perversum
822 2598 984 2648 nimis
1025 2615 1134 2649 esse
1174 2598 1415 2661 abusum,
1454 2600 1512 2649 in
1552 2616 1656 2666 quo
1696 2599 1837 2649 Deus
1873 2599 2070 2649 irrideri

165 2687 386 2748 dicitur,
422 2685 726 2735 obscuratur
769 2684 927 2734 decus
967 2683 1249 2747 Ecclesiae,
1290 2684 1546 2734 clericalis
1584 2685 1781 2734 ordinis
1820 2684 2074 2735 celsitudo

164 2771 505 2839 deprimitur,
533 2767 770 2820 Christus
795 2785 827 2818 a
857 2769 965 2819 suis
996 2768 1264 2819 militibus
1305 2769 1594 2819 ferentibus
1634 2770 1865 2838 insignia
1903 2769 2074 2819 aliena

170 2856 444 2918 deseritur,
481 2855 639 2905 decus
675 2853 966 2904 honestatis
1004 2853 1272 2904 Ecclesiae
1306 2854 1634 2913 maculatur;
1673 2855 1802 2905 dum
1827 2854 2073 2905 clericum

164 2959 203 2992 a
238 2940 374 2992 laico
422 2940 704 3008 respiciens
754 2939 919 2990 oculis
973 2956 1078 2990 non
1141 2940 1408 3003 discemit,
1447 2940 1615 3007 fitque
1664 2940 1907 2990 omnibus
1959 2957 2074 2989 vere

170 3027 414 3079 fidelibus
438 3028 496 3077 in
522 3027 828 3077 scandalum
854 3030 910 3077 et
934 3027 992 3077 in
1017 3025 1367 3094 despectum.⁸

319 3153 401 3203 16.
441 3151 730 3218 Episcopus
780 3149 1233 3214 ChalcedonensiS,
1279 3152 1535 3202 secundus
1583 3155 1702 3218 post
1745 3167 1972 3200 eversam
2018 3150 2073 3199 in

170 3237 311 3288 hisce
345 3237 518 3305 regnis
558 3236 920 3287 Hierarchiam
959 3236 1185 3304 Angliae
1225 3241 1281 3287 et
1321 3235 1528 3287 Scotiae
1569 3234 1889 3297 OrdinariuS,
1926 3241 2078 3284 ante-

163 3339 390 3373 cessores
432 3326 651 3384 nostrOS,
691 3326 985 3390 mart-yrum
1030 3323 1209 3385 sociOS,
1248 3324 1489 3390 ipsosque
1531 3338 1623 3389 pro
1657 3321 1759 3371 fide
1799 3337 1914 3370 vere
1952 3337 2079 3370 con-

166 3408 399 3471 fessoreS,
424 3408 504 3458 ita
527 3407 767 3459 hortatus
793 3412 904 3459 est:

728 3557 742 3579 ¹
767 3562 783 3598 1
814 3560 924 3598 Cone.
956 3560 1073 3599 Weet.
1099 3558 1225 3599 Decr.
1243 3558 1358 3598 xxiv.
1382 3559 1405 3598 5
1429 3564 1467 3598 et
1484 3560 1522 3599 6.

794 3624 811 3646 ²
829 3624 941 3664 Vide
967 3625 1167 3665 Arrium.
1199 3625 1282 3664 IX.
1304 3637 1347 3677 p.
1379 3627 1468 3666 306.

726 3690 746 3713 ³
767 3689 924 3741 Labbe,
952 3692 1093 3730 Com-il.
1114 3692 1216 3730 tom.
1239 3690 1326 3729 xiv.
1348 3703 1390 3743 p.
1413 3692 1505 3731 408.
