2534 4374
1002 479 1277 523 Dscsau.
1962 466 2079 527 101

185 627 268 678 vel
295 627 461 678 etiam
487 644 518 678 a
542 627 728 695 quavis
745 628 996 679 societate
1012 628 1219 695 piorum
1236 626 1627 679 catholicorum
1641 629 2085 697 eleemosynarum

176 712 647 775 administratrice,
685 712 941 780 ejusmodi
981 712 1284 763 aedificium
1333 712 1634 765 habendum
1684 719 1765 765 est
1813 714 1978 766 veluti
2029 717 2084 767 in

185 801 500 864 perpetuum
550 796 634 847 illi
685 797 798 849 loco
846 797 1141 848 addictum.
1226 797 1299 847 Et
1347 797 1588 864 quamvis
1636 798 1817 850 missio
1865 799 1930 850 de
1980 816 2084 867 qua

160 869 362 950 'agitur
397 881 470 932 sit
493 881 561 932 ab
597 881 775 949 aliqua
812 883 1172 950 corporatione
1197 883 1440 951 religiosa
1465 890 1718 952 occupata
1741 890 1798 935 et
1833 886 2085 937 adminis-

184 970 342 1029 trata,
379 966 736 1034 eleemosynae
785 966 910 1018 illae
959 972 1364 1035 praesumuntur
1411 984 1516 1018 non
1565 971 1913 1037 corporationi
1964 971 2083 1038 ipsi,

185 1052 275 1103 sed
335 1051 436 1103 Dei
492 1051 664 1102 cultui
727 1053 1080 1119 promovendo
1141 1057 1198 1103 et
1257 1069 1549 1120 pauperum
1612 1054 1863 1110 levamini
1923 1056 2083 1108 fuisse

183 1136 427 1199 collatae,
465 1153 629 1204 eoque
667 1137 724 1186 in
762 1136 876 1187 loco
913 1137 979 1186 ad
1017 1137 1170 1188 hosce
1207 1154 1331 1188 usus
1368 1139 1676 1207 erogandae.

326 1222 391 1273 V.
444 1221 705 1273 Similiter
732 1221 1106 1287 judicandum,
1142 1221 1189 1273 si
1237 1222 1305 1273 ab
1352 1223 1532 1291 aliquo
1575 1222 1904 1277 benefactore
1950 1223 2082 1277 talia

184 1304 424 1358 aedificia
460 1307 657 1358 alicubi
694 1306 1084 1373 provideantur,
1120 1307 1223 1357 nisi
1262 1309 1548 1360 certissime
1572 1316 1778 1362 constet
1801 1310 2083 1365 declarasse

185 1410 239 1444 se
286 1394 344 1444 in
397 1392 497 1443 tali
548 1392 811 1443 erectione
864 1409 969 1443 non
1020 1392 1124 1442 loci
1179 1392 1397 1461 ejusque
1451 1394 1690 1446 fidelium
1745 1398 2082 1449 commodum

184 1479 484 1546 respexisse,
524 1478 614 1529 sed
641 1476 828 1528 Ordini
865 1477 948 1527 illi
986 1477 1185 1529 donum
1223 1477 1449 1531 voluisse
1484 1480 1729 1534 conferre.
1809 1482 2083 1551 (Regulae‚

184 1564 280 1615 sub
338 1580 559 1616 numero
610 1564 947 1631 praecedenti
997 1567 1054 1614 et
1102 1563 1200 1616 sub
1248 1562 1347 1615 hoc
1396 1565 1627 1617 traditae
1673 1568 1843 1634 quoad
1885 1569 1978 1635 jus
2024 1571 2084 1621 in

183 1649 536 1712 fundationeS,
574 1653 700 1700 sunt
747 1649 1099 1717 applicandae
1143 1648 1213 1701 ad
1260 1665 1422 1705 novas
1469 1655 1682 1704 tantum
1731 1652 2083 1719 fundationes,

183 1752 307 1786 cum
332 1735 398 1786 de
423 1735 773 1803 Regularibus
799 1734 1017 1803 agitur.)

325 1820 421 1871 VI.
471 1820 594 1872 Non
618 1837 738 1893 vero
762 1820 950 1872 licebit
985 1819 1268 1889 Episcopo,
1303 1822 1608 1874 missionem
1646 1822 1888 1893 legitime
1923 1825 2083 1878 alicui

182 1906 372 1959 Ordini
408 1907 652 1977 religioso
701 1908 1059 1959 concreditam
1108 1909 1255 1960 dicto
1302 1910 1466 1962 titulo
1513 1911 1618 1979 ipsi
1665 1912 1882 1964 auferre.
1958 1914 2083 1966 Res-

183 1993 394 2060 piciunt
429 1994 573 2044 enim
610 1994 711 2044 hae
746 1993 958 2063 regulae
993 1994 1323 2047 solummodo
1359 2012 1540 2047 casum
1576 1998 1634 2047 in
1681 2014 1787 2065 quo
1835 2000 2084 2069 regularis

183 2078 277 2129 illa
314 2078 520 2129 familia
544 2078 628 2130 vel
652 2083 883 2146 nequeat
907 2079 991 2130 vel
1015 2079 1156 2130 nolit
1181 2079 1327 2131 illius
1353 2081 1616 2133 missionis
1640 2099 1819 2135 curam
1845 2087 2082 2149 retinere,

183 2164 244 2228 si,
283 2163 512 2232 exempli
551 2164 742 2234 gratia,
780 2180 813 2215 a
849 2165 1113 2233 superiore
1148 2165 1218 2217 ab
1253 2166 1349 2218 illo
1386 2167 1500 2221 loco
1536 2175 1823 2234 revocetur,
1861 2172 1944 2223 vel
1980 2173 2081 2223 alia

180 2251 365 2317 quavis
403 2250 469 2301 de
506 2266 661 2300 causa
710 2253 877 2303 cesset
924 2251 1142 2305 omnino
1189 2255 1248 2305 et
1292 2268 1400 2307 non
1447 2253 1516 2305 ad
1563 2258 1776 2326 tempus
1823 2257 2083 2310 duntaxat

183 2334 386 2386 ibidem
411 2336 676 2387 exsistere.

324 2419 452 2470 VII.
505 2419 563 2472 Si
601 2437 721 2472 vero
757 2420 937 2489 aliqua
971 2422 1155 2474 missio
1190 2422 1443 2475 fundatur
1476 2423 1738 2476 exclusive
1773 2426 1883 2477 sive
1931 2427 2085 2498 longe

181 2505 380 2574 majore
417 2511 485 2556 ex*
516 2509 668 2573 parte
705 2506 1006 2573 sumptibus
1053 2506 1281 2576 alicujus
1328 2508 1602 2579 religiosae
1650 2511 1902 2575 familiae,
1951 2531 2084 2580 quae

180 2592 337 2659 justis
397 2591 464 2643 de
524 2591 695 2642 causis
745 2595 908 2660 atque
956 2593 1016 2643 in
1064 2598 1381 2663 perpetuum
1439 2595 1545 2648 alio
1604 2597 1831 2664 migrare
1890 2601 2085 2665 poterit

182 2677 335 2740 velle,
394 2676 670 2728 hortamur
727 2681 792 2728 ut
851 2678 1033 2745 pactio
1090 2679 1232 2731 clara
1289 2679 1388 2731 fiat
1445 2681 1585 2732 inter
1646 2681 1966 2752 Episcopum
2028 2693 2083 2737 et

183 2763 468 2830 superiores
518 2762 730 2814 Ordinis
778 2763 911 2831 quid
959 2764 1060 2816 hoe
1107 2765 1166 2816 in
1213 2781 1338 2817 casu
1387 2766 1459 2817 sit
1505 2767 1789 2837 agendum,
1842 2786 1909 2820 ne
1962 2771 2084 2838 jura

171 2865 247 2901 -ex
280 2863 390 2899 una
423 2851 572 2916 parte
606 2847 902 2911 laedantur,
936 2865 1068 2901 neve
1102 2850 1409 2904 scandalum
1443 2868 1507 2904 ex
1554 2852 1720 2907 altera
1766 2855 1979 2921 oriatur,
2027 2861 2084 2907 et

180 2950 337 3002 grave
373 2934 671 2984 animarum
697 2934 953 2986 damnum
976 2941 1230 3006 emergat.

323 3018 482 3069 VIII.
533 3018 713 3070 Multo
738 3019 916 3070 minus
951 3020 1078 3072 licet
1114 3022 1303 3074 clerico
1350 3021 1435 3074 vel
1483 3022 1587 3091 ipsi
1637 3023 1898 3093 Episcopo
1945 3027 2078 3078 bona

183 3103 449 3154 Ecclesiae
510 3103 757 3166 alienare,
819 3105 978 3155 sicuti
1040 3111 1250 3158 constat
1309 3124 1373 3158 ex
1427 3107 1718 3159 innumeris
1769 3127 1902 3177 pene
1942 3113 2080 3179 juris

174 3188 422 3240 canonici
459 3189 834 3240 sanctionibus
910 3190 1060 3250 Quod
1110 3192 1155 3242 si
1203 3198 1417 3260 propter
1464 3210 1643 3245 causas
1690 3195 1758 3245 ab
1806 3197 1919 3263 ipso
1958 3198 2079 3263 jure

180 3273 495 3342 approbatas
555 3275 843 3343 contigerit
903 3276 1066 3327 talem
1121 3277 1496 3328 alienationem
1552 3295 1658 3329 esse
1719 3283 2077 3346 necessariam,

180 3358 414 3410 sacerdos
463 3375 737 3427 nunquam
788 3360 901 3412 sine
951 3362 1201 3429 Episcopi
1250 3363 1585 3425 auctoritate,
1634 3380 1728 3414 nec
1788 3365 2078 3435 Episcopus

180 3444 375 3511 absque
410 3443 477 3494 iis
514 3445 866 3510 cautionibuS,
901 3462 1035 3515 quae
1069 3463 1103 3498 a
1139 3447 1256 3516 lege
1280 3449 1530 3500 canonica
1555 3450 1903 3516 requiruntur,
1928 3452 2077 3504 illam

172 3528 379 3580 efficere
414 3534 607 3597 potest.

324 3615 424 3666 IX.
477 3615 542 3666 In
569 3615 715 3666 omni
752 3616 1002 3668 missione
1039 3618 1296 3686 pecuniae
1333 3636 1466 3687 quae
1514 3636 1546 3671 a
1594 3619 1835 3672 fidelibus
1883 3624 2077 3674 contri-

174 3699 417 3751 buuntur
477 3701 647 3752 modis
707 3702 845 3752 infra
904 3705 1247 3767 recensendiS,
1296 3704 1565 3755 habendae
1615 3711 1740 3756 sunt
1787 3724 1879 3774 pro
1927 3708 2078 3759 bonis

181 3785 464 3849 Ecclesiae,
500 3802 609 3836 non
657 3803 750 3853 pro
799 3788 1106 3839 muneribus
1154 3789 1293 3840 datis
1342 3790 1611 3841 sacerdoti.
1685 3790 1766 3841 Ex
1815 3809 1876 3843 ea
1927 3810 2078 3844 nam-
