2534 4374
989 485 1267 528 nicensi-A.
1948 471 2067 531 221

167 633 452 685 dicationis
495 633 805 683 exercitium
846 632 964 699 jam
1014 634 1070 682 in
1118 633 1408 683 seminario
1451 635 1780 686 edoceantur.
1855 637 2075 688 Attente

171 719 352 786 legant
396 716 449 768 S.
486 717 774 784 Augustini
820 716 976 767 libros
1027 715 1092 767 de
1139 715 1558 769 Catechizoendis
1599 718 1877 782 Rudibus,
1917 728 1970 770 et
2011 721 2076 771 (le

171 800 441 854 Doctrina
468 799 811 864 Christiana,
838 807 893 852 et
918 802 1293 853 instructiones
1318 803 1372 854 S.
1401 803 1590 867 Caroli,
1616 810 1676 855 ut
1706 807 1913 856 animus
1952 808 1964 855 i
1973 809 2075 873 psis

169 889 396 939 addatur
443 887 510 937 ad
560 887 940 953 acquirendum
991 886 1242 954 majorem
1286 890 1542 955 pietatem
1587 906 1786 940 necnon
1831 890 2074 957 spiritum

168 973 423 1026 orationis
449 976 505 1023 et
529 972 799 1023 doctrinae
824 973 1140 1040 profectum,
1166 974 1552 1024 considerantes
1587 974 1759 1041 qualis
1798 974 2073 1041 Evangelii

172 1075 356 1126 praeco
379 1074 488 1109 esse
513 1057 721 1119 debeat,
747 1062 811 1107 ut
836 1057 1047 1107 felicem
1074 1058 1155 1107 sui
1181 1057 1371 1108 laboris
1409 1059 1614 1109 exitum
1655 1076 1856 1127 sperare
1896 1062 2075 1126 possit.

177 1143 454 1213 Evangelii
504 1159 691 1210 praeco
736 1159 940 1209 semper
983 1160 1183 1193 memor
1227 1144 1298 1193 sit
1341 1149 1736 1211 praeceptorum
1780 1144 1834 1196 S.
1876 1144 2074 1196 Caroli:

167 1235 206 1260 “
225 1229 554 1279 Elocutionis
578 1244 745 1296 genus
772 1228 1099 1294 exquisitum
1125 1243 1192 1277 ne
1210 1226 1444 1291 affectet,
1465 1228 1645 1279 fucum
1672 1247 1882 1279 omnem
1905 1231 2078 1298 fugiat

170 1353 187 1365 .
228 1352 241 1365 .
281 1351 295 1365 .
335 1351 349 1364 .
390 1349 403 1363 .
442 1312 630 1363 inflata
656 1312 892 1363 oratione
915 1329 984 1363 ne
1008 1316 1210 1375 utatur,
1236 1314 1324 1363 sed
1357 1314 1502 1381 gravi
1509 1352 1736 1365 .....
1776 1313 2078 1366 Consideret

168 1417 228 1451 se
250 1400 566 1468 piscatorem
591 1398 871 1448 hominum
890 1415 1030 1450 esse:
1070 1398 1189 1450 ideo
1209 1415 1391 1449 nervos
1417 1416 1595 1449 omnes
1620 1400 1888 1450 intendere
1907 1401 2078 1463 debet,

163 1490 331 1552 :atque
369 1485 488 1535 ideo
528 1484 802 1551 expiscari,
827 1487 892 1533 ut
932 1499 1182 1552 sagenam
1223 1483 1585 1552 evangelicam
1625 1484 1863 1552 impleat,
1888 1503 2077 1553 nempe

162 1572 374 1622 animas
399 1570 739 1638 pereuntium
766 1568 974 1620 Christo
999 1569 1230 1620 Domino
1255 1569 1597 1620 lucrifaciat.”

316 1669 394 1721 Ut
429 1668 651 1719 studiosi
688 1668 747 1718 in
790 1668 1201 1735 praedicationis
1226 1667 1476 1719 exercitio
1501 1668 1855 1719 instituantur
1877 1687 1938 1720 ac
1963 1688 2079 1738 pro-

170 1756 374 1818 ficiant,
410 1754 539 1805 Pius
583 1753 732 1821 Papa
773 1753 891 1817 IX.,
929 1754 987 1804 in
1029 1754 1349 1822 Apostolicis
1388 1754 1607 1805 Litteris
1649 1753 1793 1807 Cum
1830 1755 2079 1809 Romani

169 1837 481 1908 Pontificis,
506 1856 599 1907 pro
626 1838 923 1890 Seminario
949 1839 1048 1889 Pio
1074 1840 1350 1907 sequentia
1374 1841 1639 1891 ordinavit
1659 1859 1672 1891 ε
1714 1846 1748 1871 “
1769 1841 1869 1892 Pro
1894 1842 2075 1893 Divini

169 1927 315 1978 verbi
338 1926 619 1994 praeconio
644 1925 930 1976 exercendo
955 1925 1260 1988 statuimus,
1286 1930 1351 1975 ut
1374 1925 1550 1993 plures
1576 1926 1839 1995 eligantur
1858 1927 2078 1994 juvenes

168 2013 347 2063 idonei
396 2010 695 2079 theologiae
743 2010 1014 2078 discipuli,
1057 2012 1151 2078 qui
1201 2011 1342 2061 inter
1388 2011 1674 2062 Missarum
1723 2012 1975 2063 solemnia
2015 2032 2077 2064 ex

168 2100 422 2166 suggestu
441 2095 727 2163 explanent
748 2111 891 2145 sacra
910 2095 1235 2165 evangelia.’'
1310 2096 1558 2166 Eligatur
1576 2097 1793 2148 idoneus
1813 2098 2078 2149 ecclesias—

169 2182 310 2232 ticus
328 2182 409 2233 vir
433 2184 466 2211 “
483 2181 578 2248 qui
602 2180 802 2248 proprii
823 2179 1105 2231 Seminarii
1124 2181 1367 2233 alumnos
1386 2184 1695 2249 opportunis
1713 2185 2005 2250 praeceptis
2024 2190 2079 2235 et

155 2266 422 2334 exemplis
447 2266 515 2317 ad
540 2265 847 2331 hujusmodi
873 2266 1187 2317 exercitium
1213 2284 1484 2334 sacrasque
1518 2268 1790 2318 conciones
1829 2269 2077 2336 privatim

158 2352 378 2403 erudiat
402 2355 457 2402 et
481 2350 762 2401 instruat.’'

312 2449 426 2512 Quo
474 2451 671 2501 certius
720 2451 1002 2519 acquirant
1049 2452 1362 2502 facultatem
1415 2453 1639 2503 aliorum
1695 2451 2079 2522 intelligentias

158 2536 494 2604 explorandi,
535 2539 592 2585 et
639 2535 767 2586 fidei
815 2536 1068 2605 mysteria
1109 2538 1178 2587 ad
1227 2541 1448 2604 captum
1496 2537 1841 2604 plurimorum
1890 2538 2080 2589 clarius

169 2621 513 2690 proponendi,
537 2636 673 2687 quae
696 2621 978 2688 praecipue
1010 2621 1387 2690 praedicatoris
1424 2626 1550 2672 sunt
1587 2628 1779 2689 parteS‚
1804 2624 1981 2674 sedulo
2020 2625 2076 2675 in

156 2704 557 2757 catechizandis
589 2705 809 2756 rudibus
842 2710 1180 2757 exerceantur
1217 2707 1594 2757 seminaristae.
1670 2706 2078 2774 Catechismum‚

171 2792 214 2843 si
239 2790 354 2842 fieri
379 2795 575 2858 potest,
600 2791 659 2841 in
684 2791 874 2842 scholis
899 2809 931 2842 a
956 2790 1253 2844 Seminario
1277 2793 1421 2844 haud
1445 2793 1600 2862 longe
1625 2793 1825 2844 dissitis
1849 2796 2079 2859 tradant,

171 2876 497 2944 impletoque
522 2893 741 2928 munere
765 2877 834 2928 ad
858 2876 1215 2929 Seminarium
1240 2880 1638 2947 quamprimum
1662 2880 1894 2931 redeant.

318 2982 402 3032 15.
454 2978 750 3032 Sacerdotis
776 2984 857 3031 est
880 2982 1229 3033 conscientias
1253 2982 1497 3050 dirigere,
1522 2984 1830 3052 animasque
1854 2986 1920 3036 ad
1963 3004 2078 3053 per-

172 3066 457 3117 fectionem
505 3065 893 3116 manuducere:
955 3071 1276 3135 quapropter
1326 3067 1564 3136 Synodus
1607 3069 1868 3119 desiderat
1910 3076 1971 3121 ut
2020 3073 2075 3121 in

162 3148 481 3202 »Seminariis
505 3149 720 3218 aliquod
759 3153 1012 3219 temporis
1053 3154 1288 3220 spatium
1329 3155 1670 3221 impendatur
1711 3155 1885 3205 studio
1928 3157 2077 3207 theo-

171 3235 342 3305 logiae
381 3235 653 3299 asceticae,
679 3237 1150 3305 convenientesque
1190 3238 1256 3289 de
1298 3238 1395 3289 hac
1440 3240 1661 3290 scientia
1703 3239 2076 3293 instructiones

170 3320 382 3383 dentur,
404 3324 470 3371 ut
510 3321 589 3388 pii
628 3321 810 3372 fideles
847 3339 942 3390 pro
982 3323 1273 3374 directione
1313 3324 1577 3391 spirituali
1618 3342 1740 3375 cum
1778 3325 1970 3376 fiducia
2007 3329 2072 3377 ad

170 3405 470 3456 animarum
495 3409 728 3473 pastores
753 3408 1025 3458 accedant.

320 3505 403 3556 16.
454 3503 631 3565 Quum
674 3522 768 3556 suo
810 3509 1047 3574 tempore
1090 3506 1148 3557 in
1186 3507 1338 3558 rebus
1362 3508 1674 3558 missionum
1700 3512 1755 3559 et
1780 3510 2070 3560 scholarum

167 3589 602 3640 administrandis
626 3607 838 3657 operam
863 3591 1040 3641 daturi
1067 3593 1176 3642 sint
1200 3592 1420 3655 alumni,
1446 3593 1753 3643 methodum
1780 3595 2072 3663 registi-ales

169 3673 329 3724 libros
354 3674 730 3738 conscribendi,
745 3675 982 3726 redditus
1006 3679 1062 3726 et
1087 3692 1336 3743 expensas
1352 3677 1510 3745 juxta
1535 3680 1852 3745 praescripta
1871 3678 2072 3729 Concil.
