2534 4374
445 424 570 486 346
1229 443 1469 486 Anmrro
1513 444 1554 485 1.

439 585 814 657 Episcopatus
839 585 1173 639 successione
1199 585 1480 639 charisma
1503 586 1754 641 veritatis
1784 594 2014 654 certum,
2038 589 2353 644 secuudum

435 671 719 742 placitum
753 671 967 736 Patris,
1002 677 1363 741 acceperuut5
1412 678 1574 742 atque
1611 675 1736 726 inde
1778 675 1861 739 fit,
1903 677 2349 744 quemadmodum

441 758 497 809 S.
519 757 808 826 Cyprianus
827 758 1046 821 monet,1
1075 762 1142 809 ut
1165 741 1407 809 Ecclesia
1430 775 1603 828 super
1625 758 1930 830 Episcopos
1954 759 2353 827 constituatur,

442 847 491 894 et
515 840 700 894 omnis
724 845 879 893 actus
903 840 1176 894 Ecclesiae
1192 858 1300 912 per
1324 842 1537 896 eosdem
1558 843 1914 915 Praepositos
1937 845 2294 914 9uberuetur.

586 942 730 992 Huic
787 958 908 992 sane
962 942 1192 1009 sapienti
1241 942 1458 992 consilio
1507 943 1731 994 mirifice
1778 946 2049 1012 respondit
2097 950 2350 1006 eventus3

442 1028 593 1095 plura
617 1027 873 1077 nimirum
899 1024 1136 1077 Concilia
1159 1027 1505 1094 provincialia
1534 1027 1809 1092 celebrata,
1833 1046 1967 1096 quae
1997 1029 2353 1082 saluberrimis

442 1113 648 1181 legibus
687 1111 931 1180 religiosa
967 1111 1286 1162 dioecesium
1321 1113 1538 1181 negotia
1571 1113 1911 1164 ordinarunt:
1962 1114 2125 1165 latius
2162 1130 2357 1182 propa-

441 1203 570 1266 gata
610 1198 670 1247 in
706 1198 818 1248 dies
858 1197 1119 1248 catholica
1155 1196 1303 1260 fides,
1336 1202 1392 1249 et
1428 1199 1720 1266 complures
1752 1199 2035 1251 nobilitate
2066 1200 2272 1269 generis
2295 1205 2353 1250 et

444 1284 682 1334 doctrina
739 1287 1063 1350 praestantes
1115 1283 1184 1334 ad
1232 1283 1501 1334 unitatem
1550 1283 1813 1335 Ecclesiae
1861 1286 2125 1337 revocati:
2186 1284 2358 1335 clerus

443 1369 731 1420 admodum
755 1372 972 1419 auctus:
1011 1371 1199 1419 auctae
1223 1369 1420 1436 pariter
1443 1369 1719 1437 religiosae
1745 1370 1932 1420 domus
1960 1386 2068 1421 non
2094 1370 2258 1422 'modo
2289 1386 2354 1420 ex

445 1453 771 1523 regularibus
805 1452 1094 1515 ordinibuS,
1127 1453 1218 1504 sed
1251 1470 1316 1504 ex
1347 1453 1417 1504 iis
1455 1454 1621 1504 etiam
1657 1455 2031 1506 recentioribus
2069 1453 2356 1516 institutiS,

444 1557 579 1607 quae
617 1538 950 1588 moderandis
986 1535 1402 1590 adolescentium
1437 1539 1687 1603 moribus„
1723 1540 1809 1591 vel
1845 1540 2082 1591 caritatis
2114 1539 2355 1607 operibus

446 1624 742 1676 exercendis
766 1625 968 1691 optime
993 1625 1057 1674 de
1081 1642 1136 1675 re
1160 1625 1447 1676 christiana
1471 1629 1528 1676 et
1551 1625 1700 1676 civili
1733 1626 1986 1676 societate
2017 1627 2354 1676 meruerunt:

446 1709 740 1760 constituta
786 1709 878 1776 pia
924 1708 1179 1759 laicorum
1229 1709 1505 1760 sodalitia:
1555 1726 1722 1760 novae
1770 1710 2044 1761 missiones
2084 1725 2357 1776 novaeque

446 1794 712 1846 Ecclesiae
748 1792 1085 1860 quamplures
1122 1797 1339 1856 erectae,
1379 1793 1548 1845 nobili
1587 1794 1854 1844 inst-metu
1896 1794 2110 1857 divites,
2146 1794 2361 1863 egregio

446 1880 597 1931 cultu
635 1879 877 1938 decorae3
931 1877 1197 1945 permulta
1237 1878 1402 1929 etiam
1438 1878 1572 1929 item
1609 1879 1824 1929 condita
1867 1878 2115 1946 orphanis
2151 1878 2357 1929 alendis

446 1964 696 2031 hospitia,
747 1963 1043 2026 seminaria,
1091 1962 1316 2031 collegia
1363 1967 1419 2014 et
1467 1964 1689 2027 scholae,
1739 1965 1796 2014 in
1845 1964 2038 2031 quibus
2093 1964 2244 2031 pueri
2300 1971 2356 2013 et

447 2050 801 2102 adolescentes
824 2049 1237 2116 frequentissimi
1263 2049 1331 2099 ad
1355 2049 1616 2116 pietatem
1641 2065 1702 2099 ac
1726 2048 1933 2099 litteras
1956 2048 2331 2099 instituuntur.

595 2146 754 2215 Cujus
780 2146 997 2213 quidem
1021 2146 1096 2197 rei
1120 2146 1235 2197 laus
1258 2162 1364 2197 non
1389 2147 1581 2213 exigua
1604 2147 1886 2198 tribuenda
1910 2150 1992 2197 est
2016 2145 2359 2197 Britannicae

451 2236 626 2305 gentis
666 2234 900 2302 ingenio,
936 2232 1077 2300 quod
1115 2236 1275 2300 prout
1304 2235 1547 2283 constans
1572 2235 1628 2282 et
1652 2232 1914 2282 invictum
1939 2235 2020 2283 est
2043 2235 2224 2282 contra
2245 2232 2356 2282 vim

451 2322 741 2381 adversam,
759 2318 839 2367 ita
863 2317 1103 2367 veritatis
1129 2319 1184 2366 et
1207 2316 1428 2366 rationis
1452 2333 1578 2366 voce
1603 2316 1757 2366 facile
1780 2314 2033 2379 flectitur,
2051 2320 2116 2366 ut
2138 2315 2362 2383 proinde

450 2419 571 2454 vere
619 2402 683 2451 de
740 2400 868 2466 ipsis
925 2398 1120 2449 dixerit
1182 2397 1540 2451 Tertullianus
1601 2395 2021 2449 Britannorum
2082 2395 2362 2448 inaccessa

450 2483 728 2539 Romanis
773 2482 911 2546 loca,
950 2479 1167 2533 Christo
1204 2480 1480 2549 subjecta.2
1559 2481 1634 2532 At
1668 2483 2008 2549 praecipuum
2045 2482 2146 2533 sibi
2183 2482 2361 2533 laudis

452 2572 707 2623 meritum
743 2568 1019 2621 vindicant
1061 2584 1183 2617 cum
1227 2568 1435 2618 assidua
1477 2567 1855 2634 Episcoporum
1897 2567 2197 2636 vigilantia,
2237 2570 2357 2617 tum

455 2657 592 2709 Cleri
652 2654 883 2705 universi
943 2652 1130 2704 docilis
1190 2653 1258 2702 ad
1317 2653 1609 2719 parendum
1669 2652 1931 2717 voluntas,
1985 2657 2231 2720 prompta
2288 2651 2357 2702 ad

456 2742 723 2811 agendum
750 2739 997 2790 sollertia.

597 2837 962 2888 Nihilominus
1021 2836 1278 2903 quaedam
1326 2853 1390 2885 ex
1443 2835 1559 2902 ipsa
1618 2852 1792 2886 rerum
1853 2836 2155 2887 conditione
2214 2839 2362 2886 ortae

456 2923 799 2976 difficultates
841 2921 1206 2987 dissensusque
1249 2921 1390 2970 inter
1431 2936 1692 2970 sacrorum
1735 2919 2020 2971 Antistites
2061 2924 2118 2971 et
2159 2920 2358 2971 sodales

457 3010 703 3061 ordinum
744 3006 1107 3075 religiosorum
1150 3005 1487 3067 obstiterunt,
1529 3005 1811 3072 quominus
1853 3005 2111 3056 uberiores
2158 3006 2359 3056 fructus

457 3094 863 3162 perciperentur.
925 3089 1016 3139 Illi
1042 3090 1204 3152 enim,
1229 3106 1352 3139 cum
1376 3089 1698 3156 praescripta
1722 3089 1908 3139 fuisset
1930 3106 2024 3157 per
2046 3093 2365 3141 memoratas

460 3180 690 3229 Litteras
726 3174 1137 3226 Praedecessoris
1168 3172 1350 3224 Nostri
1389 3174 1687 3224 communis
1714 3173 1854 3241 juris
1890 3175 2233 3236 observantia,
2255 3174 2359 3224 rati

462 3267 587 3315 sunt
611 3279 665 3312 se
688 3277 838 3328 posse
861 3260 1042 3310 omnia
1070 3259 1341 3309 decernere
1371 3275 1508 3325 quae
1538 3258 1606 3308 ad
1638 3259 1804 3325 ipsius
1830 3258 1963 3326 juris
1999 3259 2361 3309 executionem

460 3348 748 3415 pertinent,
772 3362 970 3412 quaeve
1007 3361 1071 3395 ex
1105 3343 1335 3411 generali
1374 3343 1639 3392 Ecclesiae
1667 3342 1947 3409 disciplina
1983 3343 2360 3410 Episcoporum

462 3432 718 3501 potestati
756 3431 1007 3498 permissa
1046 3433 1187 3480 sunt.
1260 3428 1442 3478 Plures
1481 3431 1662 3478 contra
1701 3444 1984 3496 gravesque
2021 3445 2204 3478 causae
2245 3434 2391 3494 pro-‘

463 3518 736 3577 bibebant,
759 3533 828 3566 ne
851 3515 1132 3583 peculiaris
1156 3514 1464 3565 missionum
1493 3511 1792 3579 disciplina,
1815 3529 1948 3579 quae
1964 3513 2082 3580 jam
2107 3513 2366 3562 invetera-

674 3667 689 3689 ¹
710 3668 848 3721 Epist.
871 3670 921 3707 29
940 3667 1014 3707 Ad
1031 3669 1170 3717 lapsos.
1528 3662 1546 3684 ²
1568 3659 1664 3703 Lib.
1686 3663 1794 3703 Aeo.
1817 3664 1983 3704 Judaeos
2002 3676 2088 3716 cap.
2114 3665 2152 3703 5.
