2534 4374
1046 537 1317 580 occasu.
2000 531 2028 586 1
2042 534 2074 586 5
2085 533 2121 594 7

228 683 405 730 totam
430 696 539 730 rem
566 679 851 731 describere
875 686 930 732 et
956 681 1230 745 declarare,
1256 686 1319 733 ut
1344 683 1445 751 ipsi
1478 683 1531 736 S.
1558 685 1895 738 Tridentinae
1922 688 2131 757 Synodo

230 780 338 814 non
382 763 551 814 solum
593 764 858 832 exemplar
901 767 988 817 sed
1031 771 1084 817 et
1126 767 1280 818 verba
1323 769 1620 835 praebuisse
1660 771 1916 823 videatur.
1993 774 2129 825 Nam

226 864 596 916 quaecumque
620 849 686 898 de
710 866 988 916 puerorum
1016 851 1296 903 selectione
1322 858 1377 903 et
1402 854 1735 917 admissione,
1752 856 1817 906 de
1836 858 2129 909 studiorum

226 932 508 995 curriculo,
533 933 599 983 de
624 934 780 985 modo
804 935 1111 1003 providendi
1139 939 1512 990 sustentationi
1541 939 1820 991 Seminarii
1845 959 1907 992 ex
1947 944 2129 993 fructi-

234 1018 331 1068 bus
354 1017 729 1068 beneficiorum
754 1018 978 1087 aliisque
1003 1020 1388 1073 Ecclesiasticis
1425 1026 1781 1091 proventibus,
1819 1026 1875 1078 in
1914 1028 2132 1079 Triden-

234 1102 349 1153 tino
391 1102 778 1170 sapientissime
822 1109 945 1155 sunt
988 1110 1207 1168 statuta,
1234 1123 1294 1157 ea
1337 1108 1442 1158 fere
1479 1108 1545 1159 ad
1584 1110 1797 1161 verbum
1835 1129 1897 1162 ex
1936 1112 2133 1163 Polano

225 1187 441 1238 decreto
476 1188 791 1255 transcripta
838 1189 1181 1257 comparent.¹
1268 1190 1384 1252 Qua
1426 1193 1641 1260 quidem
1679 1194 1834 1247 laude
1869 1198 2133 1248 nescimus

235 1288 443 1340 prorsus
468 1271 512 1322 si
538 1271 707 1323 cuivis
731 1273 899 1342 major
923 1274 1087 1325 tribui
1126 1276 1308 1342 possit.

379 1356 482 1407 Sed
530 1357 686 1427 longe
734 1375 947 1410 omnem
997 1359 1208 1411 laudem
1257 1366 1468 1429 superat
1514 1379 1676 1431 quam
1725 1365 1901 1417 valeat
1949 1366 2134 1434 lingua

233 1446 410 1494 nostra
445 1443 685 1510 proferre,
710 1444 891 1495 omnia
925 1446 1368 1514 praetergreditur
1403 1447 1622 1498 humani
1650 1450 1853 1519 ingenii
1880 1454 2133 1511 encomia,

234 1528 517 1579 Decretum
542 1527 677 1579 illud
702 1546 819 1580 vere
843 1546 1079 1593 aureum,
1105 1547 1222 1581 vere
1259 1531 1640 1598 Apostolicum,
1664 1551 1767 1602 quo
1798 1534 2134 1587 Sacrosancta

235 1612 547 1663 Tridentina
591 1611 830 1681 Synodus
874 1613 1168 1666 Seminaria
1211 1615 1405 1683 ubique
1455 1621 1709 1669 terrarum
1759 1621 2028 1672 condenda
2078 1629 2132 1671 et

228 1698 586 1749 conservanda
609 1699 902 1750 mandavit.
964 1699 1356 1751 Documentum
1382 1701 1597 1769 quidem
1621 1708 1702 1753 est
1726 1704 1794 1755 ob
1818 1706 2130 1773 sapientiam

227 1801 295 1834 ac
333 1784 654 1853 gravitatem
693 1801 871 1836 sensus
907 1803 968 1836 ac
1006 1787 1278 1837 verborum
1316 1788 1561 1838 omnibus
1598 1791 1970 1854 venerandum,
1996 1794 2132 1859 quod

234 1869 383 1919 nulla
406 1869 605 1937 poterit
629 1870 835 1921 abolere
860 1875 1110 1935 vetustae,
1136 1873 1276 1940 quod
1302 1889 1508 1923 cassum
1545 1878 1642 1923 aut
1677 1875 1888 1925 irritum
1926 1877 2134 1927 redden·¹

233 1955 422 2021 nequit
445 1953 554 2004 ulla
579 1971 752 2005 rerum
789 1955 1119 2019 vicissitudo,
1144 1956 1255 2006 ulla
1291 1956 1524 2007 locorum
1562 1960 1899 2025 permutatio·
1974 1961 2135 2029 Viget

226 2039 376 2089 enim
415 2039 613 2102 robore,
637 2040 705 2091 ab
747 2040 1084 2091 indeficiente
1129 2041 1365 2092 Ecclesia
1402 2042 1502 2093 Dei
1539 2043 1642 2110 ipsi
1680 2044 1873 2108 indito,
1898 2062 1961 2096 ex
1987 2047 2136 2114 cujus

235 2123 554 2175 feracissimo
604 2125 724 2175 sinu
774 2142 1030 2194 exurgens
1078 2142 1184 2176 non
1223 2127 1474 2194 temporis
1518 2127 1739 2178 decursu
1782 2130 1866 2180 vel
1906 2131 2136 2181 humana

234 2210 513 2272 industria,
539 2227 600 2260 eo
645 2210 701 2260 in
726 2210 1048 2261 immensum
1086 2211 1270 2275 crevit,
1295 2216 1357 2262 ut
1396 2213 1580 2263 statim
1619 2214 1821 2266 fructus
1851 2216 2135 2267 uberrimos

235 2294 431 2362 ubique
456 2295 776 2362 produxerit.

376 2379 708 2449 Languebat,
752 2380 835 2432 vel
884 2381 1064 2448 potius
1112 2398 1275 2449 prona
1322 2385 1379 2432 et
1427 2382 1634 2450 dejecta
1674 2384 1889 2451 jacebat
1937 2385 2130 2452 Anglia

234 2468 426 2527 nostra,
452 2483 573 2515 cum
599 2465 727 2515 haec
752 2470 1141 2535 peragerentur,
1169 2466 1419 2517 violentia
1443 2472 1500 2518 et
1524 2468 1837 2519 crudelitate
1874 2487 2131 2537 oppressa,

234 2548 313 2599 ita
337 2555 399 2599 ut
424 2549 634 2600 nullum
659 2551 970 2602 immediate
1006 2551 1241 2601 fructum
1278 2551 1403 2602 inde
1440 2552 1704 2619 percipere
1740 2553 1953 2604 valeret.
2030 2555 2127 2606 Sed

227 2635 374 2701 quod
423 2635 626 2702 primus
676 2634 730 2686 S.
783 2634 996 2686 Carolus
1046 2636 1339 2688 Mediolani
1390 2642 1639 2688 executus
1700 2643 1797 2701 est,
1846 2639 1903 2689 id
1953 2643 2133 2701 nostri,

227 2720 475 2788 quamvis
511 2737 597 2771 eos
638 2721 744 2771 fere
793 2722 935 2772 vitae
982 2722 1235 2785 taederet,
1284 2722 1426 2773 haud
1477 2724 1706 2793 segniter
1742 2729 1867 2775 sunt
1914 2726 2132 2778 imitati.

234 2804 371 2856 Nam
431 2807 745 2872 quantocius
805 2805 1004 2857 Alanus
1064 2807 1146 2857 vir
1205 2808 1351 2857 omni
1413 2809 1605 2876 dignus
1661 2811 1915 2872 encomi0,
1965 2810 2128 2861 Duaci

227 2888 628 2939 celeberrimum
677 2888 814 2939 illud
865 2887 1160 2958 Collegium
1210 2889 1470 2954 instituit,
1519 2908 1622 2959 quo
1671 2908 1761 2958 per
1810 2892 1913 2942 tria
1972 2893 2131 2943 ferme³

227 2973 438 3024 saecula
473 2978 559 3025 tot
594 2973 775 3024 emisit
812 2971 1138 3024 Confessores
1175 2980 1306 3042 quot
1343 2975 1650 3026 sacerdotes.
1726 2975 1829 3027 Sed
1868 2982 2047 3027 tamen
2075 2979 2127 3027 in

233 3059 347 3126 ipsa
370 3059 567 3128 Anglia
590 3058 918 3127 impossibile
944 3064 1056 3109 erat
1082 3064 1210 3110 tunc
1236 3061 1488 3127 temporis
1516 3059 1809 3111 Seminaria
1835 3062 2127 3112 instituere.

373 3144 447 3195 At-
471 3149 726 3213 tempora,
752 3144 851 3195 Dei
875 3145 1230 3207 miseratione,
1256 3145 1313 3195 in
1338 3144 1528 3195 melius
1555 3151 1677 3195 sunt
1714 3146 1999 3196 immutata
2020 3164 2033 3206 3
2075 3155 2125 3197 et

230 3229 479 3280 restituta
528 3229 835 3280 Hierarchia
885 3230 1272 3292 Ecclesiastica,
1322 3231 1499 3280 ruinas
1551 3228 1741 3296 templi
1796 3231 1968 3281 denuo
2028 3250 2129 3281 ros-

231 3319 452 3378 taurare,
489 3318 546 3365 et
581 3314 696 3365 loca
733 3319 913 3365 sancta
950 3315 1174 3383 pristino
1211 3316 1423 3365 reddere
1466 3314 1727 3381 splendori
1773 3314 1914 3365 licet.
1987 3315 2127 3379 Jmn,

231 3399 398 3452 veluti
442 3400 777 3452 sacerdotalis
819 3406 875 3450 et
917 3400 1249 3467 Apostolicae
1286 3399 1445 3450 tubae
1482 3398 1710 3467 clangor,
1747 3416 1894 3450 aures
1929 3408 2129 3451 nostras

230 3490 512 3553 personant
535 3485 663 3536 haec
693 3486 866 3548 verba,
891 3486 1048 3553 plena
1085 3485 1438 3547 auctoritatiS,
1462 3483 1618 3550 plena
1655 3483 1911 3546 veritatis,
1936 3485 2126 3551 quibus

235 3570 516 3622 inchoatur
539 3570 676 3622 illud
700 3570 1001 3622 Decretum.

375 3658 412 3686 “
431 3654 608 3718 Quum
623 3656 1037 3708 adolescentium
1057 3660 1219 3718 aetaS,
1234 3655 1335 3706 nisi
1360 3659 1499 3706 recte
1524 3654 1855 3716 instituatur,
1871 3671 2031 3721 prona
2057 3656 2127 3703 sit

707 3810 725 3847 1
749 3806 875 3849 eone.
898 3806 1098 3848 Conectio
1116 3806 1264 3859 Regia,
1286 3806 1405 3847 Tom.
1427 3807 1485 3849 X.
1506 3821 1549 3861 p.
1571 3809 1665 3851 407.
