2534 4374
996 480 1273 525 neonem.
1957 463 2077 523 211

177 641 357 678 omnes
395 625 489 692 qui
528 640 561 674 a
600 622 807 691 Spiritu
851 622 1046 674 Sancto
1082 623 1149 673 ad
1177 622 1468 674 Ecclesiam
1492 623 1593 675 Dei
1618 623 1903 691 regendam
1928 623 2085 675 electi

174 716 231 762 et
255 711 416 778 positi
442 713 586 772 sunt,
605 726 715 759 sese
739 725 845 759 non
870 709 938 759 ad
963 709 1229 776 propriam
1255 708 1496 778 gloriam,
1516 709 1601 759 vel
1625 710 1981 772 commodum,
2002 710 2085 760 vel

176 796 480 857 elationem,
505 796 573 846 ad
599 795 877 846 sacerdotii
902 794 1180 863 fastigium
1221 799 1428 845 evectos
1465 811 1593 857 esse,
1619 795 1708 845 sed
1745 799 1809 845 ut
1852 794 1986 845 clero
2030 796 2084 845 in

174 880 322 931 omni
348 880 654 943 sanctitate,
678 880 947 942 castitate,
971 881 1175 947 pietate
1204 881 1438 947 praesint
1463 886 1518 931 et
1555 885 1821 948 praeeant,
1847 881 2084 931 omnium

175 965 451 1033 pastoralis
477 970 532 1015 et
558 965 893 1016 sacerdotalis
926 965 1145 1032 spiritus
1182 966 1568 1032 perfectionum
1594 967 1772 1016 vivam
1810 966 1867 1015 in
1903 966 2085 1033 seipsis

175 1051 484 1102 exhibentes
518 1051 828 1120 imaginem.

319 1138 369 1186 2.
421 1135 488 1186 In
514 1135 726 1202 specula
750 1151 782 1184 a
806 1134 1037 1185 Domino
1062 1136 1479 1199 constituuntur,
1504 1152 1610 1186 non
1636 1141 1851 1187 tantum
1876 1141 1941 1187 ut
1965 1154 2085 1188 oves

173 1237 292 1271 suas
316 1220 667 1287 undequaque
692 1220 949 1287 dispersas
974 1221 1269 1288 conspicere
1302 1223 1522 1288 possint,
1548 1223 1637 1273 sed
1678 1224 1843 1273 etiam
1879 1227 1943 1273 ut
1979 1223 2084 1290 ipsi

173 1310 449 1373 tamquam
466 1306 683 1356 virtutis
703 1305 970 1372 exemplar
987 1323 1019 1356 a
1039 1323 1131 1356 suo
1150 1323 1306 1375 grege
1325 1309 1733 1375 conspiciantur.
1785 1309 2084 1360 Plenitudi-

171 1408 296 1442 nem
320 1392 487 1459 igitur
511 1390 703 1459 regalis
728 1390 1005 1440 sacerdotii
1028 1391 1279 1459 Episcopi
1300 1394 1592 1443 sortiuntur
1609 1395 1676 1444 ad
1702 1394 2082 1445 aedificandam

172 1481 229 1527 et
276 1476 653 1544 perficiendam
704 1476 998 1527 Ecclesiam
1049 1477 1166 1528 Dei.
1259 1478 1397 1546 Ipsis
1447 1479 1568 1529 solis
1617 1481 1955 1530 commissum
2004 1487 2083 1531 est

172 1578 476 1630 supremum
525 1578 719 1613 munus
767 1562 1020 1630 eligendi,
1069 1563 1409 1627 informandi,
1459 1564 1736 1614 ordinandi
1791 1565 1978 1615 levitas
2027 1575 2082 1615 et

170 1648 480 1710 sacerdoteS‚
527 1664 620 1715 per
668 1664 798 1715 quos
847 1648 971 1698 viva
1019 1652 1076 1698 et
1123 1653 1401 1716 compacta
1452 1649 1718 1701 Ecclesiae
1762 1653 2081 1701 constructio

169 1730 362 1781 intime
387 1729 664 1781 cohaerens
689 1731 746 1780 in
765 1731 959 1781 aetatis
976 1729 1173 1781 Christi
1199 1748 1498 1782 mensuram
1518 1734 1705 1783 crescit
1723 1738 1779 1783 et
1797 1733 2080 1800 perficitur.

170 1815 298 1867 Ideo
323 1832 441 1866 vere
467 1816 799 1866 formidanda
822 1820 904 1866 est
930 1817 1266 1884 episcopatus
1291 1817 1545 1884 dignitas,
1621 1817 1915 1885 Episcopus
1938 1820 2081 1869 enim

167 1918 274 1952 non
299 1905 515 1951 tantum
541 1901 805 1969 perfectus
830 1918 941 1952 esse
965 1901 1143 1965 debet,
1170 1902 1258 1952 sed
1284 1903 1450 1953 etiam
1475 1904 1534 1953 in
1568 1906 1714 1953 statu
1747 1904 2082 1970 perfectionis

159 1986 277 2054 jam
302 1987 528 2054 adeptae
553 1986 917 2050 constituitur,
937 1991 1002 2037 ut
1019 1987 1088 2038 ab
1104 1987 1221 2054 ipso
1241 1992 1518 2055 tamquam
1538 2005 1602 2038 ex
1621 1989 1768 2039 fonte
1786 1989 2081 2039 abundanti

167 2074 340 2124 omnis
383 2078 439 2123 et
483 2072 819 2124 sacerdotalis
851 2077 906 2123 et
944 2073 1223 2140 pastoralis
1248 2074 1394 2124 vitae
1418 2074 1674 2141 perfectio
1698 2076 1755 2124 in
1780 2075 2080 2125 universum

166 2159 365 2210 clerum
405 2160 686 2211 derivetur.
762 2163 796 2189 “
815 2159 1112 2228 Religionis
1152 2162 1324 2209 status
1367 2159 1747 2227 perfectionem
1786 2177 1892 2211 non
1934 2177 2083 2227 prae-

168 2246 437 2313 supponit,
488 2245 576 2296 sed
633 2245 702 2296 ad
758 2245 1140 2313 perfectionem
1197 2245 1410 2296 inducit
1429 2264 1443 2306 3
1507 2245 1850 2313 pontificatus
1899 2250 2080 2296 autem

166 2331 402 2401 dignitas
449 2331 830 2398 perfectionem
878 2331 1333 2399 praesupponit.”1
1412 2330 1742 2399 Quapropter
1790 2332 2081 2400 Episcopus

164 2434 289 2484 prae
314 2417 533 2466 caeteris
556 2416 821 2482 perfectus
847 2433 955 2467 esse
980 2421 1212 2480 tenetur,
1230 2417 1289 2468 id
1314 2422 1411 2480 est,
1427 2417 1797 2468 ardentissima
1821 2417 2081 2468 charitate

165 2502 265 2553 Dei
287 2506 343 2552 et
366 2503 612 2569 proximi,
636 2502 946 2553 humilitate
972 2506 1026 2553 et
1061 2502 1363 2553 obedientia
1402 2489 1704 2570 praeditus3
1755 2507 1875 2553 tum
1914 2504 2078 2553 etiam

165 2588 319 2638 filiali
361 2587 610 2655 obsequio
652 2586 879 2638 Sanctae
917 2592 972 2638 et
1006 2588 1341 2655 Apostolicae
1386 2588 1511 2639 Sedi
1553 2588 1818 2638 indivulse
1859 2587 2044 2639 unitus
2066 2608 2078 2648 3

166 2679 239 2737 et,
279 2673 421 2741 quod
470 2673 816 2740 praecipuum
864 2674 1204 2741 perfectionis
1251 2674 1513 2724 indicium
1563 2677 1660 2735 est,
1700 2690 1794 2740 pro
1833 2673 2080 2724 fratribus

165 2760 401 2809 animam
426 2775 618 2825 ponere
643 2776 847 2827 semper
878 2764 1111 2827 paratus,
1185 2759 1429 2827 Denique
1452 2764 1728 2826 tamquam
1755 2760 1876 2809 viva
1900 2760 2079 2827 imago

167 2844 388 2895 Domini
412 2845 579 2895 nostri
595 2844 632 2896 J
633 2862 725 2895 esu
742 2843 956 2908 Christi,
973 2846 1068 2911 qui
1094 2845 1340 2896 divinum
1365 2849 1447 2895 est
1466 2844 1609 2895 vitae
1634 2845 1833 2895 mixtae
1857 2846 2079 2912 ideoque

165 2930 502 2982 omnimodae
527 2930 866 2998 perfectionis
886 2930 1205 2998 exemplum,
1223 2931 1383 2981 debet
1398 2931 1693 2998 Episcopus
1712 2931 1856 2981 vitae
1874 2933 2078 2982 activae

166 3021 223 3067 et
246 3015 693 3083 contemplativae
718 3015 879 3066 simul
904 3016 1219 3083 conjunctae
1242 3016 1591 3083 perfectiones
1617 3033 1795 3067 omnes
1826 3017 1882 3065 in
1909 3017 2076 3084 seipso

165 3102 422 3153 exhibere.

310 3190 360 3237 3.
412 3186 592 3238 Sacras
631 3187 801 3256 igitur
839 3191 896 3238 et
919 3187 1250 3255 Apostolicas
1287 3188 1352 3238 de
1386 3187 1770 3254 Episcoporum
1807 3187 2075 3254 dignitate

164 3280 221 3326 et
269 3274 454 3326 officiis
503 3275 874 3338 ordinationeS‚
922 3276 1127 3328 necnon
1178 3273 1534 3325 Conciliorum
1585 3273 2073 3336 Oecumenicorum,

164 3360 472 3428 praesertim
520 3364 876 3410 sacrosanctae
918 3360 1262 3411 Tridentinae
1311 3358 1529 3427 Synodi,
1568 3359 1635 3409 de
1676 3359 1801 3409 boni
1850 3360 2073 3426 pastoris

164 3462 379 3496 munere
418 3445 776 3512 adimplendO,
802 3445 869 3496 de
907 3438 1191 3513 disciplina
1231 3444 1584 3495 ecclesiastica
1623 3444 1980 3506 instauranda,
2006 3445 2071 3494 de

163 3530 299 3581 clero
341 3530 398 3580 in
442 3530 588 3579 omni
631 3530 852 3580 scientia
895 3534 951 3581 et
993 3519 1196 3597 pietate
1240 3529 1571 3578 informando
1620 3530 2070 3595 praescriptiones,

411 3682 426 3709 ¹
444 3681 488 3723 S.
510 3681 708 3733 Th0mas,
735 3683 872 3733 Opusc.
893 3682 959 3723 De
978 3681 1245 3723 Perfectione
1263 3680 1392 3722 Vitae
1411 3680 1668 3734 Spiritualis,
1691 3693 1728 3721 c.
1745 3680 1835 3721 xix.
