2534 4374
1092 492 1366 535 nuceum.
1921 447 1929 457 ⁶
2086 478 2163 540 17

277 641 559 712 negligant
579 658 713 694 neve
735 640 875 693 ultra
895 658 1054 709 quam
1079 642 1359 693 necessitas
1378 645 1575 708 poscat,
1595 640 1662 691 ad
1688 644 1946 690 remotum
1967 643 2178 706 tempus

282 727 578 778 remittant.

425 813 477 862 4.
528 810 787 863 Teneatur
822 813 880 863 in
917 828 1229 879 unaquaque
1266 811 1484 862 ecclesia
1526 810 1807 880 registrum
1848 809 2179 861 confirmato-

283 913 419 959 rum,
442 896 636 946 inserto
659 897 875 947 nomine
898 897 1094 963 patrini
1121 913 1212 947 seu
1230 896 1487 946 matrinae
1508 912 1521 955 ;
1560 899 1615 946 et
1640 894 1883 946 elenchus
1907 894 2179 946 confirma-

283 986 459 1033 torum
485 982 728 1049 episcopo
752 982 1007 1034 tradatur.

429 1068 480 1117 5.
530 1066 779 1117 Patrinus
821 1066 904 1117 vel
947 1067 1193 1129 matrina,
1233 1083 1326 1134 pro
1362 1067 1666 1118 diversitate
1703 1083 1865 1129 sexus,
1894 1065 2178 1131 unicuique

276 1168 350 1203 ex
385 1150 756 1202 confirmandis
779 1151 1007 1215 assistat,
1033 1151 1249 1203 servatis
1286 1156 1466 1202 tamen
1491 1150 1882 1202 conditionibus
1907 1166 2062 1218 supra
2086 1166 2179 1218 pro

285 1235 562 1305 Baptismo
587 1235 854 1304 expressis.
929 1235 1080 1304 (Dec.
1106 1237 1215 1299 xvi,
1238 1236 1295 1287 n⁰
1327 1238 1436 1305 15.)

892 1430 1293 1483 DECRETUM
1364 1432 1573 1484 XVIII.

580 1564 660 1616 De
696 1563 1063 1619 Sanctissismo
1099 1563 1487 1618 Eucharistiae
1523 1564 1893 1619 Sacramenta.

429 1698 578 1751 Inter
618 1704 703 1750 tot
745 1700 936 1750 amoris
978 1700 1199 1769 pignora
1241 1699 1392 1751 nobis
1434 1700 1631 1751 tradita
1664 1717 1696 1750 a
1731 1699 1926 1752 Divino
1962 1700 2180 1751 humani

276 1785 488 1855 generis
528 1784 813 1847 salvatore,
851 1802 973 1835 cum
1010 1784 1220 1835 nullum
1246 1785 1494 1847 sanctiuS,
1518 1784 1728 1835 nullum
1753 1784 2065 1853 praeclarius
2090 1785 2181 1835 illo

287 1871 589 1921 inveniatur
608 1886 711 1937 quo
737 1868 935 1937 Corpus
960 1868 1129 1920 Suum
1156 1869 1577 1921 Sacratissimum
1596 1871 1653 1920 in
1679 1870 1875 1933 cibum,
1901 1875 1956 1921 et
1981 1870 2182 1921 Pretio-

286 1956 553 2007 sissimum
580 1954 749 2006 Suum
777 1954 1102 2025 Sanguinem
1127 1956 1186 2006 in
1210 1960 1399 2023 potum
1425 1956 1574 2007 nobis
1599 1957 1766 2018 dedit,
1790 1957 1869 2006 ita
1892 1972 1987 2007 nec
2013 1956 2181 2006 ullum

286 2041 409 2105 fuit,
433 2042 492 2092 in
516 2042 657 2108 quod
682 2042 812 2093 adeo
827 2042 1118 2093 infraenate
1143 2042 1448 2093 insaevierit
1474 2042 1709 2109 ejusdem
1734 2042 1954 2092 humani
1981 2042 2182 2111 generis

274 2126 667 2179 *infensissimus
692 2127 874 2179 hostiS.
949 2127 1093 2179 Hinc
1125 2128 1367 2179 adversus
1392 2127 1796 2178 Divinissimurn
1823 2126 1876 2178 S.
1907 2126 2184 2178 Eucharis-

287 2214 396 2264 tiae
436 2211 835 2263 Sacramentum
861 2213 950 2263 vix
984 2218 1064 2263 est
1089 2213 1258 2264 verbis
1282 2229 1515 2280 promere
1540 2229 1700 2279 quam
1725 2212 1920 2263 nefarie
1944 2218 1999 2263 et
2022 2230 2181 2280 quam

286 2298 451 2365 impie
494 2298 551 2347 in
594 2299 784 2349 nostris
822 2299 1124 2366 regionibus
1163 2302 1345 2349 actum
1401 2299 1759 2365 scriptumque
1808 2299 1894 2348 sit.
1992 2297 2182 2348 Nullus

285 2383 533 2435 licentiae
574 2384 762 2434 modus
799 2384 1098 2451 impositus,
1123 2384 1256 2451 quin
1294 2383 1546 2446 dicteriis,
1573 2383 1841 2446 conviciis,
1867 2388 1923 2432 et
1947 2383 2183 2450 blasphe-

285 2468 426 2532 miiS,
450 2473 516 2519 ut
558 2468 864 2537 sacrilegam
905 2468 1327 2536 profanationem
1360 2472 1646 2530 taceamuS,
1671 2468 1980 2535 impetitum
2007 2468 2182 2528 fuerit,

277 2557 343 2604 >et
366 2553 664 2604 etiamnum
702 2555 1011 2622 impetatur.
1087 2553 1190 2606 Sed
1228 2571 1333 2621 quo
1357 2554 1587 2604 insanior
1610 2553 1993 2603 incredulorum
2018 2553 2183 2603 rabies

274 2655 390 2706 ⁷quo
413 2622 620 2708 gravior
644 2639 856 2690 divinae
886 2640 1141 2691 bonitatis
1184 2639 1396 2707 injuria,
1423 2655 1484 2689 eo
1509 2638 1665 2689 debet
1690 2655 1798 2689 esse
1825 2638 2053 2689 vivacior
2077 2655 2183 2688 cre-

287 2724 532 2775 dentium
574 2724 722 2788 fides,
761 2730 818 2776 et
859 2726 999 2795 grati
1042 2725 1209 2775 animi
1253 2741 1465 2783 sensus;
1510 2740 1570 2773 eo
1613 2722 1867 2790 insignior
1906 2724 2080 2774 cultus
2123 2741 2182 2773 ac

287 2808 557 2877 religionis
596 2809 834 2861 affectus.
907 2809 1060 2861 Nihil
1098 2826 1220 2879 ergo
1259 2809 1388 2859 haec
1430 2808 1668 2876 Synodus
1702 2809 1972 2875 antiquius
2008 2807 2182 2869 habet,

278 2910 450 2960 quam
492 2895 753 2962 pietatem
793 2899 850 2947 et
891 2895 1227 2946 devotionem
1266 2910 1389 2962 erga
1432 2893 1722 2944 Dominum
1759 2893 2009 2943 Nostrum
2047 2894 2103 2942 in
2129 2892 2182 2943 S.

290 2977 624 3030 Eucharistia
663 2979 851 3043 fovere,
895 2983 952 3030 et
992 2979 1189 3047 ubique
1227 2978 1530 3029 omnimodo
1554 2995 1884 3045 promovere:
1934 2983 1995 3027 ut
2022 2994 2185 3028 sacer-

288 3066 477 3116 dotum
519 3064 692 3127 corda,
735 3065 952 3132 spiritus
994 3064 1320 3134 pinguedine
1358 3063 1576 3131 repleta,
1619 3069 1744 3113 eant
1782 3063 1847 3113 de
1890 3064 2085 3113 virtute
2128 3064 2182 3112 in

290 3150 566 3212 virtutem,
604 3165 666 3200 ac
708 3149 977 3202 Ecclesiae
1011 3149 1113 3200 filii
1151 3148 1320 3200 veluti
1345 3148 1563 3199 novellae
1589 3148 1843 3198 olivarum
1876 3147 1933 3196 in
1959 3149 2183 3197 circuitu

291 3234 598 3286 Dominicae
622 3251 833 3285 mensae
857 3235 1095 3302 quotidie
1128 3235 1444 3295 assistentes,
1470 3232 1704 3283 coelestis
1737 3233 1887 3299 panis
1912 3232 2184 3283 dulcedine

290 3324 598 3383 recreentur,
647 3336 708 3370 ac
756 3320 814 3370 in
863 3319 1175 3371 fortitudine
1224 3318 1331 3369 cibi
1391 3317 1537 3368 illius
1585 3317 1859 3368 ambulent
1907 3333 2071 3384 usque
2118 3318 2183 3368 ad

294 3408 532 3455 montem
556 3404 672 3455 Dei.

439 3491 487 3540 1.
537 3488 891 3556 Quaecunque
922 3489 1090 3556 igitur
1111 3488 1179 3539 ad
1211 3488 1602 3538 divinissimum
1638 3485 1736 3536 hoc
1774 3485 2185 3547 Sacramentum,

283 3577 352 3625 -et
388 3575 456 3626 ad
500 3572 828 3625 Sacrificium
870 3574 1207 3623 incruentum
1247 3573 1557 3633 referuntur,
1606 3570 1809 3631 altaria,
1859 3586 1979 3619 vasa
2028 3587 2184 3632 sacra,

296 3653 541 3726 sacraque
583 3657 835 3726 supelleX,
875 3658 920 3707 si
961 3674 1066 3707 non
1107 3657 1380 3724 splendida
1414 3662 1469 3705 et
1500 3655 1743 3723 pretiosa,
1777 3654 1962 3704 saltem
1996 3654 2185 3715 nitida,

292 3743 495 3794 munda
519 3747 576 3794 et
599 3742 841 3794 decentia
866 3746 1038 3792 sunto,
1112 3740 1265 3791 Nihil
1290 3740 1536 3802 lacerum,
1555 3738 1692 3789 nihil
1719 3738 2034 3805 squalidum,
2052 3737 2186 3788 nihil

287 3827 495 3879 *vilioris
518 3843 679 3895 quam
705 3826 857 3877 decet
875 3826 1053 3894 pretii,
1072 3826 1128 3876 in
1153 3842 1208 3876 re
1234 3842 1374 3876 sacra
1399 3825 1634 3875 facienda
1660 3823 1889 3873 sacerdos
1913 3823 2184 3872 admittat.

1995 3917 2021 3942 ι)

1996 3945 2021 3957 a
