2534 4374
985 492 1226 536 APPEND.
1275 494 1312 535 1.
1965 481 2079 537 115

185 643 328 703 sunt,
344 643 401 691 et
425 639 647 691 Patrum
674 639 804 692 fides
829 641 1005 703 servit,
1030 640 1110 691 ita
1134 639 1337 702 limare,
1363 642 1591 709 expolire
1618 643 1814 704 studet,
1835 650 1893 693 ut
1921 644 2087 710 prisca

183 725 278 776 illa
320 725 558 775 coelestis
603 725 874 775 doctrinae
918 725 1170 793 dogmata
1213 725 1482 793 accipiant
1522 727 1865 788 evidentiam,
1900 728 2089 788 lucem,

183 809 602 872 distinctionem,
646 810 736 860 sed
779 811 1044 860 retineant
1095 810 1503 877 plenitudinem,
1547 813 1928 880 integritatem,
1975 830 2088 879 pro-

181 895 485 963 prietatem,
527 910 589 944 ac
626 895 686 945 in
724 911 816 946 suo
855 901 1069 945 tantum
1096 912 1285 965 genere
1322 903 1572 960 crescant,
1598 898 1655 948 in
1681 898 1862 948 eodem
1889 897 2090 948 scilicet

179 979 451 1049 dogmate,
476 979 660 1029 eodem
688 996 858 1043 sensu,
886 981 1175 1047 eademque
1202 982 1481 1032 sententia.

327 1063 593 1131 Equidem
632 1064 833 1128 Patres,
872 1065 1241 1132 Ecclesiaeque
1267 1066 1539 1133 scriptores
1579 1067 1890 1117 coelestibus
1916 1067 2088 1117 edocti

180 1149 404 1217 eloquiis
436 1148 576 1198 nihil
605 1150 879 1217 antiquius
917 1150 1160 1212 habuere,
1186 1166 1346 1216 quam
1385 1151 1440 1200 in
1480 1151 1626 1201 libris
1659 1152 1725 1201 ad
1755 1151 2090 1218 explicandas

179 1233 496 1302 Scripturas,
538 1234 859 1285 vindicanda
902 1236 1171 1304 dogmata,
1220 1236 1635 1303 erudiendosque
1685 1236 1863 1286 fideles
1911 1237 2090 1287 elucu-

179 1321 342 1371 bratis
367 1335 632 1370 summam
657 1320 894 1389 Virginis
921 1320 1280 1382 sanctitatem,
1302 1321 1644 1389 dignitatem,
1663 1329 1824 1389 atque
1848 1322 1916 1372 ab
1940 1324 2083 1372 omni

177 1407 383 1474 peccati
431 1405 551 1456 labe
601 1405 991 1473 integritatem,
1043 1406 1257 1475 ejusque
1313 1406 1632 1475 praeclaram
1692 1408 1758 1459 de
1820 1410 2089 1459 teterrimo

179 1490 403 1541 humani
440 1491 646 1560 generis
683 1490 833 1541 hoste
858 1491 1136 1541 victoriam
1163 1492 1349 1542 multis
1375 1492 1626 1559 mirisque
1651 1494 1820 1543 modis
1845 1495 2088 1544 certatim

178 1576 477 1644 praedicare
520 1580 682 1643 atque
720 1575 914 1627 efferre.
993 1576 1320 1644 Quapropter
1357 1581 1655 1627 enarrantes
1692 1578 1862 1641 verba,
1900 1579 2090 1645 quibus

176 1661 318 1712 Deus
367 1665 679 1728 praeparata
726 1662 1037 1711 renovandis
1081 1662 1392 1712 mortalibus
1437 1678 1560 1712 suae
1603 1663 1820 1729 pietatis
1859 1664 2089 1714 remedia

178 1753 318 1803 inter
353 1752 470 1820 ipsa
507 1751 699 1802 mundi
727 1752 1015 1819 primordia
1038 1752 1417 1819 praenuntians
1443 1755 1499 1800 et
1522 1751 1814 1818 deceptoris
1839 1753 2090 1818 serpentis

178 1837 383 1889 retudit
400 1837 699 1900 audaciam,
719 1841 776 1888 et
799 1836 966 1887 nostri
991 1837 1196 1905 generis
1216 1852 1364 1904 spem
1388 1834 1613 1885 mirifice
1633 1836 1797 1885 erexit
1821 1835 2087 1902 inquiens:

177 1919 528 1974 Inimicitias
547 1937 767 1990 ponam
791 1918 942 1972 inter
966 1924 1015 1972 te
1041 1924 1090 1972 et
1112 1919 1425 1984 mulierem,
1442 1936 1626 1972 semen
1651 1924 1818 1971 tuum
1838 1926 1884 1971 ct
1909 1937 2088 1971 semen

174 2005 358 2071 illiue,
403 2007 643 2071 docuere,
687 2007 870 2058 divino
914 2006 1012 2057 hoc
1056 2006 1266 2057 oraculo
1309 2006 1446 2056 clare
1486 2011 1769 2073 aperteque
1817 2022 2089 2073 praemon-

107 2138 115 2147 ,
172 2098 405 2144 stratum
455 2092 618 2143 fuisse
667 2092 1060 2143 misericordem
1111 2092 1333 2142 humani
1395 2092 1598 2160 generis
1661 2090 2087 2157 Redemptorem,

174 2176 380 2229 scilicet
406 2176 767 2245 Unigenitum
791 2176 893 2228 Dei
918 2176 1125 2226 Filium
1153 2175 1422 2228 Christum
1447 2175 1481 2227 J
1485 2193 1651 2238 esum,
1670 2192 1731 2226 ac
1756 2176 2085 2244 designatam

175 2262 547 2314 Beatissimam
572 2262 706 2330 Ejus
723 2243 959 2313 Matrem
979 2262 1257 2330 Virginem
1276 2262 1524 2324 Mariam,
1542 2278 1603 2311 ac
1623 2260 1780 2311 simul
1800 2261 2088 2327 ipsissimas

173 2348 452 2415 utriusque
513 2351 696 2399 contra
758 2347 1031 2399 diabolum
1092 2347 1408 2398 inimicitias
1469 2347 1749 2414 insigniter
1809 2362 2086 2413 expressas,

173 2432 427 2494 Quocirca
475 2432 616 2483 sicut
665 2431 907 2485 Christus
961 2432 1063 2483 Dei
1113 2431 1497 2501 hominumque
1546 2432 1806 2481 mediator
1855 2431 2085 2481 humana.

171 2522 446 2585 assumpta
483 2522 676 2569 natura
719 2517 899 2569 delens
933 2517 1076 2586 quod
1120 2517 1365 2568 adversus
1404 2534 1498 2568 nos
1535 2522 1647 2567 erat
1683 2515 2085 2584 chirographum

173 2603 387 2666 decreti,
426 2601 567 2653 illud
610 2605 753 2654 cruci
800 2605 1159 2672 triumphator
1201 2602 1391 2665 affixit,
1426 2602 1500 2653 sic
1547 2601 1890 2652 Sanctissima
1925 2601 2086 2669 Virgo

171 2690 468 2741 arctissimo
510 2693 567 2741 et
609 2689 966 2741 indissolubili
993 2688 1207 2741 vinculo
1244 2706 1367 2739 cum
1405 2688 1484 2738 Eo
1510 2688 1809 2754 conjuncta,
1834 2704 1939 2737 una
1963 2703 2083 2737 cum

176 2774 279 2826 Illo
301 2778 358 2826 et
381 2792 474 2843 per
500 2774 669 2826 Illum
688 2776 1035 2843 sempiternas
1054 2779 1236 2826 contra
1255 2790 1576 2825 venenosum
1597 2780 1886 2839 serpentem
1907 2773 2087 2822 inimi-

170 2861 329 2911 citias
366 2877 627 2925 exercenS,
664 2877 726 2912 ac
763 2861 830 2912 de
865 2861 984 2929 ipso
1020 2860 1325 2929 plenissime
1361 2858 1711 2926 triumphanS,
1741 2857 1887 2908 illius
1924 2863 2085 2925 caput

175 2946 522 2998 immaculato
546 2946 680 3014 pede
704 2948 975 2999 contrivit.

318 3031 479 3082 Hunc
518 3032 797 3095 eximium,
823 3032 1250 3102 singularemque
1274 3030 1510 3099 Virginis
1541 3029 1891 3097 triumphum,
1916 3029 2082 3079 excel-

172 3115 628 3185 lentissimamque
663 3117 1046 3182 innocentiam,
1070 3118 1382 3186 puritatem,
1408 3116 1746 3167 sanctitatem
1777 3114 1990 3181 ejusque
2015 3114 2082 3163 ab

171 3202 320 3251 omni
355 3202 563 3268 peccati
606 3201 723 3252 labe
768 3203 1156 3271 integritatem,
1192 3206 1353 3268 atque
1400 3198 1725 3250 ineffabilem
1774 3198 2078 3248 coelestium

173 3285 416 3336 omnium
435 3286 745 3355 gratiarum,
760 3287 1043 3350 virtutum,
1062 3304 1123 3337 ac
1143 3284 1541 3354 privilegiorum
1562 3284 1787 3349 copiam,
1802 3288 1857 3331 et
1876 3283 2081 3350 magni-

174 3371 420 3421 tudinem
436 3371 602 3422 iidem
617 3371 800 3423 Patres
816 3372 1065 3423 viderunt
1081 3377 1199 3422 tum
1220 3371 1276 3421 in
1293 3386 1410 3421 arca
1428 3368 1521 3418 illa
1537 3367 1665 3430 Noe,
1674 3384 1808 3434 quae
1822 3368 2080 3418 divinitus

172 3455 470 3506 constituta
512 3473 545 3506 a
587 3457 859 3508 communi
902 3458 1069 3507 totius
1106 3455 1293 3506 mundi
1331 3454 1604 3521 naufragio
1641 3452 1797 3520 plane
1841 3452 1982 3502 salva
2025 3460 2079 3503 et

175 3540 457 3591 incolumis
500 3542 700 3602 evasit;
753 3546 873 3592 tum
910 3542 968 3592 in
1006 3542 1144 3592 scala
1180 3540 1292 3602 ina,
1317 3556 1478 3607 quam
1515 3538 1581 3588 de
1619 3542 1754 3587 terra
1783 3537 1848 3586 ad
1876 3537 2077 3587 coelum

174 3642 340 3693 usque
362 3626 661 3695 pertingere
685 3627 826 3677 vidit
849 3626 1035 3690 Jacob,
1060 3626 1210 3694 cujus
1234 3624 1482 3695 gradibus
1506 3622 1681 3691 angeli
1712 3621 1811 3671 Dei
1837 3622 2078 3672 ascende·

174 3712 322 3774 bant,
338 3716 394 3763 et
411 3712 812 3775 descendebant,
832 3712 1083 3780 cujusque
1098 3710 1284 3761 vertici
1310 3710 1422 3776 ipse
1447 3708 1777 3758 innitebatur
1797 3706 2078 3764 Dominus;

174 3799 295 3845 tum
318 3796 377 3846 in
401 3795 530 3846 rubo
553 3796 665 3859 illo,
691 3813 851 3863 quem
875 3797 934 3846 in
958 3795 1074 3846 loco
1100 3799 1280 3845 sancto
1305 3792 1511 3861 Moyses
1536 3792 1772 3859 undique
1798 3792 1989 3852 ardere,
2016 3808 2077 3841 ac
