2534 4374
466 425 589 485 276
1020 446 1180 488 00110.
1226 447 1390 489 PRov.
1435 446 1658 491 wEs'rM.
1704 450 1786 492 1v.

602 587 774 639 LVII.
812 586 1303 654 Philosophicarum
1327 605 1499 640 rerum
1522 605 1833 657 morumque
1856 591 2095 655 scientia,
2116 591 2353 660 itemque

459 672 642 723 civiles
666 673 805 740 leges
828 676 1050 739 possunt
1073 676 1130 723 et
1153 673 1350 724 debent
1373 689 1406 724 a
1429 674 1611 725 divina
1652 678 1709 725 et
1750 674 2102 728 ecclesiastica
2124 677 2355 727 auctori-

460 762 574 808 tate
599 757 875 807 declinare.

714 856 851 896 Alloc.
874 856 1054 896 Maxima
1071 857 1225 907 quidem
1244 858 1268 895 9
1287 855 1425 904 Junii,
1445 858 1562 898 1862.

602 973 808 1023 LVIII.
852 972 1004 1022 Aliae
1028 972 1163 1023 vires
1187 988 1294 1023 non
1319 977 1444 1024 sunt
1467 974 1823 1043 agnoscendae
1846 973 1951 1026 nisi
1974 967 2114 1038 illae,
2137 991 2271 1043 quae
2293 974 2354 1024 in

460 1059 682 1109 materia
722 1057 927 1125 positae
966 1061 1109 1120 sunt,
1131 1061 1188 1107 et
1229 1058 1402 1108 omnis
1443 1074 1650 1109 morum
1690 1053 1971 1127 disciplina
2007 1059 2355 1127 honestasque

459 1143 700 1194 collocari
726 1142 885 1194 debet
916 1142 975 1192 in
1009 1141 1341 1192 cumulandis
1374 1146 1431 1193 et
1464 1144 1722 1212 augendis
1756 1144 1943 1212 quovis
1965 1143 2124 1195 modo
2148 1142 2355 1194 divitiis

458 1246 521 1279 ac
543 1229 603 1279 in
627 1226 991 1295 voluptatibus
1013 1226 1301 1294 explendis·

716 1329 853 1369 Alloc.
875 1329 1059 1368 Maxima
1076 1329 1230 1379 quidem
1249 1330 1273 1368 9
1292 1327 1429 1377 Junii,
1451 1330 1570 1370 1862.

715 1396 855 1450 Epist.
876 1395 1037 1449 encycl.
1062 1395 1216 1442 Quanto
1233 1397 1483 1447 conficimur
1503 1397 1552 1435 10
1569 1394 1770 1448 Augusti,
1794 1397 1913 1437 1863.

605 1514 752 1564 LIX.
801 1513 838 1565 J
838 1530 901 1564 us
938 1513 996 1563 in
1028 1511 1291 1563 materiali
1328 1512 1468 1563 facto
1506 1513 1769 1577 constitit,
1794 1517 1851 1564 et
1874 1512 2054 1564 omnia
2075 1511 2356 1564 hominum

461 1601 632 1653 officia
670 1603 796 1651 sunt
836 1614 1032 1650 nomen
1073 1598 1249 1661 inane,
1292 1601 1348 1648 et
1390 1598 1569 1648 omnia
1610 1598 1844 1649 humana
1881 1598 2025 1650 facta
2057 1598 2197 1666 juris
2242 1597 2355 1650 vim

463 1687 678 1738 habent.

715 1765 853 1805 Alloc.
875 1764 1058 1804 Maxima
1075 1764 1231 1815 quidem
1249 1765 1273 1803 9
1291 1761 1427 1812 Junii,
1453 1762 1571 1803 1862.

603 1883 722 1935 LX.
770 1881 1075 1933 Auctoritas
1097 1878 1237 1931 nihil
1263 1879 1410 1930 aliud
1435 1882 1516 1930 est
1538 1878 1644 1930 nisi
1667 1878 1876 1930 numeri
1907 1880 1964 1929 et
2000 1876 2356 1928 materialium

463 1972 657 2023 virium
682 1985 905 2021 summa.

719 2069 856 2110 Alloc.
878 2069 1062 2109 Maxima
1080 2068 1234 2119 quidem
1253 2066 1278 2106 9
1297 2064 1433 2112 Junii‚
1458 2066 1577 2106 1862.

570 2185 720 2237 LXI.
769 2184 1066 2235 Fortunata
1121 2181 1253 2232 facti
1308 2179 1581 2248 injustitia
1635 2178 1846 2231 nullum
1895 2179 2034 2248 juris
2081 2179 2359 2231 sanctitati

463 2272 846 2323 detrimentum
870 2268 1042 2320 affert.

720 2371 856 2411 Alloc.
878 2370 1120 2410 Iamdudum
1138 2369 1330 2408 cernimus
1352 2367 1400 2407 18
1419 2364 1583 2418 Martii,
1610 2367 1729 2406 1861.

607 2488 786 2540 LXII.
823 2485 1265 2539 Proclamandum
1287 2488 1369 2536 est
1391 2487 1449 2535 et
1470 2483 1851 2535 observandum
1873 2483 2195 2552 principium
2219 2479 2360 2551 quod

469 2579 659 2627 vocant
682 2575 748 2626 de
774 2570 1253 2625 nomntcrventu.

723 2673 860 2714 Alloc.
881 2674 1009 2713 Novo-t
1027 2677 1065 2712 et
1082 2678 1174 2711 ante
1192 2673 1243 2711 28
1263 2669 1533 2723 Septembris,
1558 2671 1678 2711 1860.

611 2790 819 2842 LXIII.
857 2787 1141 2856 Legitimis
1155 2786 1481 2855 principibus
1498 2784 1855 2836 obedientiam
1874 2783 2176 2846 detrectare,
2194 2783 2359 2833 immo

467 2883 527 2930 et
547 2877 794 2929 rebellare
814 2874 959 2925 licet.
1679 2893 1683 2898 -

726 2976 865 3029 Epist.
886 2973 1048 3027 encycl.
1073 2973 1153 3020 Qun·
1161 2971 1348 3022 pluribus
1365 2973 1390 3010 9
1408 2969 1675 3020 Novembris,
1700 2970 1818 3010 1846.

726 3043 863 3083 Alloc.
883 3041 1054 3091 Quisque
1069 3045 1239 3079 vestrum
1256 3040 1282 3077 4
1302 3036 1508 3086 Octobris,
1533 3037 1651 3078 1847.

726 3108 866 3161 Epist.
887 3105 1047 3159 encycl.
1068 3106 1243 3145 Noscitis
1259 3109 1298 3143 et
1314 3103 1508 3143 nobiseum
1528 3104 1552 3142 8
1569 3100 1826 3149 Decembris,
1850 3101 1972 3143 1849.

727 3175 834 3216 Litt.
855 3174 1003 3226 Apost.
1030 3173 1124 3212 Cum
1141 3171 1331 3211 catholica
1347 3172 1399 3210 26
1417 3169 1579 3217 Martii,
1603 3171 1720 3209 1860.

615 3291 811 3344 LXIV.
859 3289 999 3341 Tum
1032 3287 1287 3355 cujusque
1319 3285 1636 3336 sanctissimi
1661 3281 1954 3351 juramenti
1983 3279 2217 3342 violatio,
2241 3283 2360 3329 tum

470 3380 739 3450 quaelibet
761 3376 978 3428 scelesta
994 3369 1362 3442 flagitiosaqu'e
1385 3371 1525 3421 actio
1549 3369 1896 3436 sempiternae
1918 3365 2026 3434 legi
2049 3380 2360 3431 repugnans,

473 3484 579 3518 non
604 3465 774 3517 solum
791 3461 935 3513 haud
954 3463 1036 3511 est
1052 3455 1412 3525 improbanda,
1430 3470 1611 3505 verum
1634 3453 1799 3503 etiam
1817 3450 2032 3501 omnino
2049 3448 2200 3499 licita
2219 3464 2363 3498 sum-

473 3554 678 3619 misque
701 3546 946 3598 laudibus
970 3542 1242 3604 efferenda,
1267 3539 1476 3608 quando
1501 3538 1558 3588 id
1580 3552 1674 3604 pro
1696 3534 1900 3604 patriae
1923 3550 2098 3584 amore
2120 3536 2324 3600 agatur.

706 3647 840 3688 Alloc.
876 3644 1023 3692 Quibus
1040 3643 1272 3694 quantisque
1290 3641 1340 3680 20
1359 3636 1532 3691 Aprilis,
1555 3637 1671 3676 1849.
