2534 4374
955 810 1685 889 APPROBATIO.

1085 1089 1572 1155 DECRETUM

580 1234 633 1285 s.
667 1231 1252 1284 cONsREsAnoms
1285 1233 1375 1281 DE
1408 1234 1858 1286 PROPAGANDA
1889 1236 2068 1287 mm.

515 1361 621 1415 vix
644 1363 834 1415 datum
859 1362 967 1414 fuit
990 1361 1214 1431 Angliae
1250 1362 1584 1414 antistitibus
1610 1380 1671 1414 ea
1695 1364 1798 1415 rite
1822 1366 2096 1433 disponere
2131 1382 2267 1433 quae

367 1466 465 1519 pro
524 1448 782 1518 regimine
827 1446 1184 1498 Ecclesiamm
1238 1462 1405 1515 nuper
1476 1448 1844 1499 institutarum
1918 1450 2063 1501 illico
2118 1458 2267 1502 erant

372 1533 699 1603 praestanda,
747 1531 1217 1583 Eminentissimus
1261 1548 1323 1583 ac
1373 1532 1856 1586 Reverendissimus
1904 1535 1969 1587 D.
2019 1536 2068 1586 N
2073 1537 2268 1588 icolaus

370 1619 524 1670 tituli
541 1618 595 1670 S.
616 1617 983 1669 Pudentianae
1000 1615 1053 1668 S.
1080 1615 1144 1668 R.
1162 1614 1226 1666 Ε.
1246 1617 1526 1668 cardinalis
1544 1618 1832 1683 Wiseman‚
1851 1620 2268 1690 archiepiscopus

370 1703 960 1766 westmonasteriensis,
1022 1701 1076 1754 S.
1139 1700 1365 1754 concilii
1425 1703 1725 1755 Tridentini
1774 1708 2267 1774 praescriptionibus

370 1791 660 1853 inhaerenS,
676 1789 742 1840 de
756 1787 1069 1857 provinciali
1087 1786 1299 1856 Synodo
1318 1789 1553 1857 cogenda
1568 1806 1748 1841 curam
1764 1792 2011 1859 suscepit.
2069 1792 2270 1842 Habita

371 1876 555 1928 eadem
573 1878 654 1925 est
668 1874 812 1942 apud
828 1872 1126 1942 Collegium
1143 1872 1197 1924 S.
1213 1873 1416 1924 Mariae
1435 1874 1501 1924 de
1521 1873 1723 1939 Oscott‚
1738 1877 2012 1944 tribusque
2030 1878 2268 1928 sessioni-

371 1962 468 2012 bus
493 1959 764 2019 absoluta3
808 1958 992 2009 diebus
1016 1958 1271 2008 nimirum
1296 1959 1540 2026 septima,
1559 1958 1766 2010 decima
1791 1962 1967 2023 tertia,
1985 1978 2045 2011 ac
2064 1963 2267 2013 decima

371 2047 600 2114 septima
606 2044 643 2096 J
644 2044 743 2095 ulii
757 2044 885 2094 anni
900 2045 1035 2094 1852
1050 2063 1063 2095 :
1089 2043 1224 2094 actis
1239 2044 1448 2106 deinde,
1456 2044 1695 2108 decretis,
1706 2045 1928 2112 aliisque
1938 2048 2272 2114 synodalibus

369 2131 601 2200 placitis,
626 2130 694 2181 ad
715 2129 768 2180 S.
790 2127 846 2181 G.
866 2145 960 2197 pro
983 2129 1240 2179 revisione
1264 2145 1325 2179 ac
1350 2130 1710 2198 recognitione
1734 2132 2065 2184 transmissis.
2111 2133 2267 2184 Porro

370 2220 615 2269 accurato
634 2215 876 2267 adhibito
893 2214 1136 2265 examine
1151 2215 1208 2264 in
1226 2215 1459 2282 generali
1480 2214 1533 2267 S.
1561 2214 1992 2286 Congregationis
2006 2229 2267 2269 conventu

372 2303 555 2355 habito
595 2302 682 2353 die
726 2303 757 2351 8
797 2300 987 2351 Martii
1035 2302 1190 2364 1853,
1232 2300 1418 2351 relatio
1460 2303 1726 2369 proposita
1762 2307 1843 2353 est
1880 2320 1971 2370 per
2013 2303 2267 2354 Eminen-

371 2390 640 2440 tissimum
677 2403 739 2438 ac
781 2386 1295 2438 Reverendissimum
1337 2387 1612 2438 dominum
1651 2388 1982 2438 Ludovicum
2021 2388 2074 2440 S.
2114 2390 2175 2440 R.
2205 2391 2266 2440 E.

374 2474 524 2527 Card.
550 2473 857 2536 Altierimn,
900 2473 1248 2540 omnibusque
1285 2473 1388 2523 rite
1426 2474 1711 2541 perpensis,
1748 2474 2170 2524 Eminentissimi
2208 2493 2267 2525 ac

373 2559 815 2612 Reverendissimi
863 2558 972 2611 ΡΡ.
1021 2562 1173 2628 gesta
1231 2559 1450 2626 quidem
1506 2559 1794 2626 plurimum
1854 2561 2268 2610 commendanda

372 2648 654 2709 duxerunt,
701 2645 1008 2712 praesertim
1057 2645 1125 2695 ob
1173 2643 1436 2713 singulare
1496 2645 1735 2695 studium
1784 2661 1888 2711 quo
1947 2661 2053 2696 uno
2101 2646 2265 2695 veluti

373 2732 662 2798 eodemque
705 2730 897 2798 spiritu
937 2730 1003 2781 de
1043 2730 1314 2798 religionis
1362 2730 1498 2780 bono
1545 2734 1707 2797 atque
1754 2731 2050 2780 animarum
2099 2731 2267 2781 salute

373 2815 728 2886 promovenda
769 2815 1021 2883 episcopi,
1069 2815 1445 2883 adjuvantibus
1493 2815 1834 2878 administris,
1882 2816 2266 2867 adlaborarunt.

373 2901 658 2954 Nonnullis
682 2917 803 2951 vero
819 2899 980 2968 juxta
1003 2900 1321 2968 peculiarem
1357 2901 1762 2951 instructionem
1787 2900 2268 2951 modificationibus

375 2987 617 3058 peractis,
652 2984 895 3050 Decreta,
931 2985 1151 3037 Statuta
1186 2986 1353 3037 etiam
1387 3003 1482 3054 pro
1518 2986 1768 3053 capitulis
1803 2987 2170 3036 canonicorum
2206 3003 2267 3036 ac

374 3073 685 3124 methodum
710 3072 848 3123 circa
869 3075 1093 3123 rectores
1125 3072 1495 3134 missionarios,
1519 3072 1704 3123 habita
1738 3072 2042 3138 praesertim
2069 3073 2266 3121 ratione

358 3159 516 3227 quod
552 3157 792 3209 canonici
818 3157 956 3226 juris
991 3157 1322 3209 observantia
1357 3157 1498 3207 haud
1534 3158 1591 3207 in
1623 3157 1867 3208 omnibus
1890 3156 2071 3207 induci
2096 3157 2266 3207 adhuc

375 3245 567 3307 valeat,
592 3243 860 3311 probanda
882 3246 1212 3294 censuerunt.

520 3328 852 3380 Sententiam
900 3345 1019 3379 vero
1068 3327 1122 3379 S.
1174 3326 1609 3397 Congregationis
1659 3326 2003 3378 sanctissimo
2051 3327 2265 3377 domino

374 3414 566 3466 Nostro
591 3414 691 3465 Pio
716 3414 825 3465 PP.
857 3414 979 3478 IX.,
1003 3414 1071 3464 ab
1095 3413 1426 3480 infrascripto
1463 3412 1731 3463 secretario
1756 3413 1814 3462 in
1850 3412 2123 3462 audientia
2158 3413 2262 3461 diei

381 3503 446 3550 13
471 3499 659 3550 Martii
682 3499 923 3563 relatam,
963 3498 1230 3551 Sanctitas
1257 3497 1363 3548 Sua
1401 3498 1628 3564 benigne
1654 3497 1711 3546 in
1736 3497 1979 3547 omnibus
2005 3498 2264 3564 probavit,

362 3584 647 3636 'contrariis
670 3584 1069 3651 quibuscunque
1093 3583 1236 3634 haud
1260 3582 1607 3634 obstantibus·

516 3670 640 3721 Dat.
666 3670 867 3722 Romae
889 3686 954 3722 ex
977 3669 1107 3721 Aed.
1134 3668 1187 3720 S.
1215 3666 1272 3719 C.
1298 3668 1364 3718 de
1388 3667 1449 3718 P.
1477 3667 1557 3730 F.‚
1582 3666 1667 3718 die
1696 3668 1761 3716 14
1787 3666 1939 3728 Maii,
1968 3669 2119 3717 1853.

1111 3759 1149 3812 J
1152 3759 1297 3810 .-ΡΗ.
1326 3758 1474 3811 Card.
1502 3758 1801 3820 FRANSON1‚
1826 3756 2013 3826 Pmef.

518 3862 581 3914 L.
610 3864 672 3930 ›1‹
698 3860 752 3914 S.
1561 3857 1643 3908 Al.
1672 3857 1949 3920 BARNABO‚
1973 3873 2009 3908 a
2033 3855 2265 3908 secret-is,
