2534 4374
450 421 582 483 410
1212 437 1456 482 Anm'rlo
1497 439 1601 481 vn.

1362 605 1439 654 ΙΙ.

697 743 1096 798 SUPREMAE
1147 741 1422 795 SAGRAE
1471 741 2115 798 CONGREGATIONIS

530 883 859 924 INSTRUCTIO
900 882 979 922 AD
1020 882 1368 922 PROBANDUM
1416 883 1632 924 OBITUM
1679 882 1949 926 ALIOUJUS
1986 881 2270 926 GONJUGIS.

586 1016 925 1069 Matrimonii
943 1016 1159 1067 vinculo
1177 1015 1308 1067 duos
1325 1016 1699 1068 tantummodo
1736 1020 1773 1047 ⁶⁶
1788 1015 1996 1067 Christo
2019 1016 2100 1067 ita
2117 1016 2355 1081 docente,

438 1108 477 1136 ⁶⁶
492 1104 744 1171 copulari,
770 1107 826 1154 et
849 1102 1102 1171 conjungi
1125 1119 1292 1170 posse,
1316 1101 1571 1153 alterutro
1608 1119 1727 1154 vero
1768 1101 1995 1171 conjuge
2016 1103 2130 1152 vita
2152 1101 2355 1168 fimeto,

441 1194 478 1221 ⁶⁶
495 1189 765 1252 secundaS,
808 1189 918 1239 imo
961 1193 1020 1240 et
1061 1188 1335 1240 ulteriores
1382 1188 1606 1256 nuptias·
1650 1187 1827 1239 licitas
1875 1204 2002 1252 esse,
2050 1187 2353 1256 dogmatica

440 1278 476 1305 ⁶⁶
492 1274 759 1325 Ecclesiae
785 1272 1088 1326 Catholicae
1112 1273 1354 1325 doctrina
1377 1273 1506 1325 est.''

583 1360 783 1410 Verum
809 1360 877 1410 ad
902 1360 1170 1423 secundaS‚
1196 1364 1253 1410 et
1276 1358 1549 1410 ulteriores
1579 1359 1798 1427 nuptias
1822 1359 1964 1427 quod
1988 1359 2205 1423 attinet,
2227 1375 2353 1411 cum

435 1447 507 1497 de
540 1463 597 1497 re
639 1450 847 1514 agatur,
883 1462 1021 1513 quae
1057 1445 1461 1496 difficultatibus
1510 1461 1572 1496 ac
1621 1445 1893 1496 fraudibus
1931 1445 2074 1496 haud
2115 1461 2230 1496 raro
2271 1449 2354 1496 est

442 1531 684 1594 obnoxia,
709 1531 835 1583 hinc
862 1530 1057 1582 Sancta
1083 1529 1242 1581 Sedes
1267 1529 1448 1580 sedulo
1472 1530 1679 1581 curavit
1693 1530 1852 1581 modo
1868 1528 2352 1589 constitutionibus

440 1615 785 1686 generalibUS,
826 1615 1034 1682 saepius
1075 1619 1259 1666 autem
1300 1616 1558 1682 responsis
1600 1616 1659 1665 in
1701 1615 1906 1666 casibus
1947 1614 2352 1683 particularibus

435 1701 597 1764 datis,
621 1705 686 1750 ut
708 1700 927 1750 libertas
946 1716 1107 1750 novas
1131 1700 1348 1767 nuptias
1370 1699 1590 1750 ineundi
1627 1701 1707 1750 ita
1731 1701 1924 1767 cuique
1947 1700 2090 1751 salva
2111 1703 2263 1763 esset,
2286 1703 2352 1750 ut

438 1790 678 1862 predicta
702 1791 1036 1842 matrimonii
1060 1791 1239 1841 unitas
1264 1791 1323 1840 in
1349 1790 1631 1842 discrimen
1654 1808 1762 1842 non
1786 1792 2146 1843 adduceretur.

585 1877 719 1928 Inde
743 1876 1037 1927 constituta
1063 1874 1337 1934 Sacrorum
1377 1874 1670 1939 Canonum,
1696 1877 1904 1944 quibus,
1936 1880 2003 1928 ut
2043 1877 2160 1944 quis
2183 1877 2352 1944 possit

441 1963 590 2013 licite
614 1963 682 2012 ad
707 1962 813 2011 alia
838 1966 961 2011 vota
985 1961 1223 2022 transire,
1249 1961 1483 2030 exigitur
1506 1962 1648 2029 quod
1671 1962 1737 2013 de
1754 1967 1924 2013 morte
1947 1963 2186 2031 conjugis
2208 1966 2351 2015 certo
2398 1983 2401 1985 ’

437 2052 663 2110 constet,
703 2047 789 2097 uti
828 2063 944 2114 cap.
983 2044 1270 2098 Dominus
1311 2045 1377 2097 de
1415 2045 1669 2098 secundis
1711 2045 1957 2116 ‘nuptiiffi
1982 2047 2066 2098 vel
2105 2049 2246 2115 quod
2284 2049 2349 2099 de

438 2134 554 2200 ipsa
577 2136 749 2183 morte
772 2131 1059 2199 recipiatur
1083 2134 1291 2182 eertum
1330 2130 1614 2183 nuncium
1656 2133 1740 2182 uti
1766 2130 1892 2199 Cap.
1917 2131 1994 2183 In
2010 2131 2348 2202 praesentia,

436 2217 517 2270 De
542 2215 916 2287 sponsalibuS,
961 2220 1010 2268 et
1047 2214 1454 2281 matrimonii&
1546 2217 1680 2268 Inde
1723 2218 1887 2269 etiam
1929 2235 1991 2269 ea
2014 2236 2148 2286 quae
2171 2219 2349 2287 expla-

438 2306 619 2355 natius
667 2303 950 2354 traduntur
995 2303 1055 2352 in
1098 2302 1455 2353 Instructione
1504 2307 1538 2333 ⁶⁶
1557 2301 1700 2355 Cum
1751 2301 1945 2367 alias,''
1973 2306 2059 2354 -21
2115 2304 2349 2374 Augusti

442 2388 599 2452 1670,
624 2406 657 2440 a
683 2387 954 2440 Clemente
978 2388 1049 2439 X.
1076 2389 1296 2452 sancita,
1321 2394 1374 2439 et
1391 2390 1450 2438 in
1466 2388 1701 2440 Bullario
1716 2389 1953 2441 Romano
1977 2390 2172 2441 inserta
2196 2408 2349 2458 super

438 2475 681 2526 examine
721 2473 964 2525 Testium
1002 2490 1096 2540 pro
1134 2474 1491 2524 matrimoniis
1534 2475 1901 2526 contrahendis
1941 2475 2001 2525 in
2041 2473 2197 2526 Curia
2222 2476 2347 2528 Effii

438 2559 638 2610 Vicarii
664 2558 838 2621 Urbis,
864 2562 918 2609 et
961 2563 1296 2609 coeterorum'
1329 2557 1738 2610 Ordinariorum.
1811 2552 2046 2610 Maxime
2069 2577 2190 2612 vero
2213 2577 2346 2629 quae

438 2645 654 2716 propius
678 2644 747 2694 ad
769 2660 882 2695 rem
906 2643 1159 2694 facientia
1183 2643 1261 2694 ibi
1286 2644 1548 2707 habentur
1570 2660 1672 2696 nn.
1698 2645 1771 2695 12
1795 2649 1843 2696 et
1867 2645 1955 2697 13.

583 2729 658 2779 Et
695 2727 824 2778 haec
867 2727 1083 2795 quidem
1122 2717 1332 2778 abunde
1372 2728 1668 2779 sufficerent
1704 2729 1749 2780 si
1785 2731 1843 2780 in
1881 2730 2140 2798 ejusmodi
2176 2733 2344 2784 causis

439 2813 767 2882 peragendiS‚
785 2812 1108 2874 omnimoda,
1128 2816 1184 2862 et
1207 2812 1449 2862 absoluta
1473 2813 1735 2864 certitudo
1759 2814 1825 2864 de
1849 2814 2066 2867 alterius
2091 2814 2343 2887 Conjugis

439 2899 591 2951 obitu
632 2897 812 2948 haberi
855 2913 1056 2963 semper
1097 2900 1304 2963 posset3
1360 2897 1450 2948 sed
1492 2915 1615 2948 cum
1656 2899 1714 2949 id
1755 2915 1861 2949 non
1904 2901 2081 2951 sinant
2128 2919 2343 2954 casuum

437 2983 819 3052 propemodum
858 2981 1113 3043 infinitae¹
1140 2982 1280 3032 vices
1319 2980 1486 3050 (quod
1523 2984 1784 3051 sapienter
1819 2985 2238 3038 animadversum
2263 2993 2344 3040 est
2393 2986 2396 2988 ⁷

438 3072 498 3120 in
521 3069 739 3119 laudata
765 3067 1119 3118 Instructione
1143 3067 1227 3118 his
1250 3068 1452 3120 verbis:
1491 3073 1524 3099 ‘⁶
1542 3066 1608 3119 Si
1633 3072 1819 3121 tamen
1843 3067 2172 3137 hujusmodi
2195 3071 2343 3124 testi-

440 3160 473 3185 ⁶⁶
488 3152 684 3205 ‘monia
732 3150 921 3204 haberi
943 3169 1063 3204 ‘non
1081 3156 1344 3221 possum,
1369 3152 1544 3206 Sacra
1571 3152 1930 3221 Oonyreyatio
1953 3171 2074 3208 ‘non
2095 3154 2344 3210 &attendit

439 3246 473 3272 ⁶⁶
489 3237 770 3291 excludere
793 3235 940 3289 alias
957 3235 1333 3306 probatione&
1359 3255 1500 3306 quae
1534 3238 1599 3290 de
1619 3239 1754 3307 jure
1787 3239 2076 3292 communi
2098 3248 2343 3311 possunt

439 3332 473 3358 ⁶⁶
487 3323 735 3388 admitti,
770 3322 1077 3376 dummodo
1111 3321 1390 3391 legitimae
1423 3322 1559 3387 simt,
1586 3328 1634 3375 et
1661 3323 2049 3396 sufficientes&
2087 3329 2340 3395 sequitur,

438 3412 580 3480 quod
622 3411 887 3462 stantibus
929 3410 1055 3461 licet
1103 3410 1380 3477 principiis
1428 3410 1755 3478 generalibus
1802 3412 2148 3478 praestitutiS,
2197 3414 2339 3466 haud

438 3515 550 3548 raro
569 3513 716 3547 casus
735 3497 1004 3559 eveniunt,
1022 3495 1081 3546 in
1098 3495 1290 3563 quibus
1310 3494 1795 3546 Ecclesiasticorum
1812 3496 2121 3547 Praesidum
2130 3497 2339 3565 judicia

438 3582 644 3631 haerere
670 3580 838 3631 solent
861 3582 921 3630 in
945 3597 1066 3631 vera
1081 3573 1333 3648 justaque
1357 3581 1662 3648 probatione
1686 3582 2054 3650 dignoscenda,
2078 3600 2140 3634 ac
2169 3588 2339 3635 statu-

435 3667 590 3730 enda,
614 3666 725 3716 imo
750 3683 843 3734 pro
869 3683 1073 3718 summa
1097 3666 1192 3717 illa
1215 3666 1494 3731 facilitate,
1519 3683 1654 3735 quae
1677 3672 1853 3719 aetate
1875 3673 2053 3720 nostra
2076 3669 2217 3719 facta
2240 3674 2338 3731 est,
