2534 4374
1040 529 1288 575 APPEND.
1337 531 1424 575 111.
2049 518 2129 579 53

221 696 412 734 omnes
453 679 514 732 in
556 678 843 732 antedictis
880 679 1196 749 Apostolicis
1230 680 1452 733 Litteris
1495 699 1766 736 concessae
1811 684 2135 748 tribuuntur,

228 767 507 821 contrariis
534 766 937 835 quibuscunque
963 765 1186 818 minime
1211 767 1561 821 obstantibus.
2158 771 2163 777 '

338 852 463 905 Dat.
490 851 690 904 Romae
726 868 791 904 ex
832 851 962 903 Aed.
987 851 1091 903 dic.
1119 850 1173 903 S.
1212 850 1648 923 congregationis
1683 855 1772 906 die
1808 859 1865 906 et
1898 871 2037 907 anno
2071 861 2135 908 ut

230 954 405 1008 supra.

374 1022 557 1077 Gratis
582 1022 696 1075 sine
719 1021 831 1074 ulla
856 1019 1073 1074 omnino
1099 1021 1359 1075 solutione
1383 1041 1695 1094 quocunque
1722 1025 1901 1078 titulo.

1311 1109 1397 1160 Al.
1437 1109 1722 1177 BARNABb,
1754 1126 1794 1165 a
1826 1108 2059 1165 secretio.

374 1176 441 1234 L.
465 1176 520 1231 ›1‹
544 1176 602 1234 S.

1136 1518 1260 1580 ΙΙΙ.

592 1680 807 1739 ΟῘΒΟΑ
856 1683 1220 1738 CAPITULA
1269 1685 1782 1741 CATHEDRALIA

299 1794 451 1854 ῬΒΟ
499 1797 869 1854 ECCLESIIS
918 1799 1000 1852 IN
1048 1800 1328 1853 ANGLIA
1375 1802 1427 1853 N
1431 1800 1700 1854 OVITER
1748 1801 2069 1859 ERECTIS.

746 1946 870 1987 ΠΕΟ.
907 1947 952 1985 S.
989 1945 1150 1987 CONG.
1188 1946 1265 1986 DE
1299 1947 1453 1987 PROP.
1490 1948 1637 1988 FIDE.

378 2088 524 2152 Quae
590 2089 728 2141 circa
788 2090 1107 2142 erectionem
1175 2090 1543 2159 capitulorum
1603 2094 2004 2158 cathedralium,
2075 2112 2140 2147 ex

225 2181 501 2228 ¹conventu
549 2176 813 2243 superiore
861 2192 1000 2227 anno
1042 2176 1183 2228 inter
1226 2178 1514 2246 Episcopos
1553 2178 1778 2247 Angliae
1827 2179 2028 2243 habito,
2071 2182 2140 2232 ab

235 2262 674 2314 Eminentissimo
728 2279 790 2314 ac
839 2262 1294 2314 Reverendissimo
1336 2263 1565 2315 Domino
1607 2265 1658 2315 N
1661 2265 1828 2317 icolao
1866 2266 2138 2317 Wiseman

235 2348 637 2415 Archiepiscopo
673 2347 1221 2400 westmonasteriensi
1257 2349 1473 2400 fuerunt
1507 2349 1690 2413 relata,
1725 2352 1785 2400 in
1822 2350 1979 2401 Sacra
2005 2350 2140 2403 Con-

234 2435 541 2504 gregatione
577 2434 684 2485 diei
723 2435 756 2485 5
800 2434 997 2502 Aprilis
1040 2435 1176 2485 1852
1214 2435 1483 2501 proposita
1509 2439 1666 2486 sunt:
1717 2452 1943 2503 cumque
1968 2438 2140 2487 mani-

235 2520 434 2572 festum
476 2521 689 2583 existat,
727 2519 796 2570 ob
833 2519 1087 2587 adjuncta
1112 2519 1467 2570 Ecclesiarum
1491 2524 1726 2571 recenter
1748 2521 2138 2584 institutarum,

234 2605 491 2658 nonnulla
515 2622 650 2673 quae
674 2605 733 2656 in
749 2605 870 2673 jure
895 2606 1146 2656 canonico
1169 2605 1236 2659 de
1257 2604 1504 2673 Capitulo
1529 2605 1794 2657 Ecclesiae
1813 2605 2137 2658 Cathedralis

226 2691 531 2742 constituta
565 2690 843 2753 habentur,
879 2690 1203 2741 exsecutioni
1242 2691 1429 2741 statim
1470 2691 1529 2740 in
1567 2692 1869 2745 memoratis
1906 2692 2138 2743 ecclesiis

237 2777 478 2828 mandari
495 2775 638 2826 haud
655 2792 804 2843 posse
821 2793 835 2836 ;
861 2776 906 2826 si
927 2774 1271 2826 Sanctissimo
1290 2774 1519 2826 Domino
1538 2775 1796 2843 placuerit
1811 2776 2139 2827 Eminentis-

237 2863 360 2914 simi
399 2861 583 2913 Patres
624 2862 1032 2912 instructionem
1067 2860 1534 2911 transmittendam
1558 2865 1890 2924 censuerunt,
1913 2866 1979 2911 ut
2001 2863 2138 2913 ratio

236 2947 529 3000 traderetur
551 2963 612 2997 ea
635 2947 696 2997 in
719 2963 773 2998 re
797 2947 1048 2998 servanda
1072 2946 1237 2997 donec
1261 2945 1417 2995 aliter
1441 2945 1764 2997 decernatur.

381 3031 519 3084 Cum
543 3032 873 3083 canonicales
907 3032 1232 3099 praebendae
1257 3030 1448 3093 desint,
1472 3034 1528 3080 et
1556 3032 1795 3081 canonici
1831 3047 1985 3082 curae
2020 3033 2137 3083 ani-

232 3134 459 3181 marum,
501 3117 804 3185 juventutis
849 3117 1152 3179 instutioni,
1200 3116 1425 3182 aliisque
1473 3115 1658 3166 officiis
1716 3132 1810 3183 pro
1868 3118 2138 3186 religionis

237 3204 393 3266 bono,
417 3206 627 3254 attento
652 3203 817 3253 etiam
842 3202 1094 3253 mediocri
1125 3202 1452 3252 sacerdotum
1476 3217 1713 3263 numer0,
1738 3218 1829 3269 per
1853 3203 2135 3254 dioecesim

232 3305 423 3340 vacare
445 3288 709 3349 debeant3
744 3288 1116 3339 existimarunt
1141 3287 1565 3337 Eminentissimi
1586 3286 1768 3338 Patres
1792 3288 2135 3339 annuendum

237 3378 302 3424 ut
325 3374 490 3425 iidem
514 3373 583 3424 ab
606 3389 761 3424 onere
784 3373 1095 3423 residentiae
1130 3388 1288 3438 penes
1313 3369 1695 3433 Cathedralem,
1718 3376 1775 3421 et
1798 3388 1939 3422 sacra
1964 3372 2137 3423 officia

154 3462 156 3466 “
239 3458 566 3526 persolvendi
591 3458 909 3520 eximantur,
932 3457 1012 3507 ita
1048 3461 1229 3507 tamen
1257 3460 1322 3507 ut
1345 3456 1402 3505 in
1427 3456 1665 3523 proxima
1691 3455 1899 3523 Synodo
1924 3459 2136 3524 provin·

238 3543 365 3595 ciali
390 3543 640 3611 Episcopi
674 3546 861 3593 curent
895 3542 959 3592 de
984 3540 1251 3591 nonnullis
1275 3539 1457 3591 diebus
1481 3540 1834 3609 designandis,
1860 3542 1915 3591 in
1941 3543 2135 3610 quibus

236 3629 479 3680 canonici
504 3629 720 3680 chorum
745 3628 890 3679 adire
931 3630 1094 3695 atque
1130 3624 1301 3675 officia
1343 3640 1581 3692 peragere
1625 3629 1920 3687 teneantur,
1964 3632 2134 3694 utque

237 3715 404 3765 etiam
445 3713 589 3782 apud
628 3712 953 3780 Episcopum
992 3714 1392 3779 congregentur,
1423 3709 1729 3776 praesertim
1771 3726 1865 3777 pro
1903 3713 2133 3781 negotiis

233 3798 379 3850 circa
403 3814 555 3868 quae,
575 3814 639 3849 ex
663 3796 820 3848 saeris
839 3794 1141 3857 canonibUS,
1158 3792 1394 3861 Capituli
1421 3794 1683 3844 sententia
1701 3799 1780 3844 est
1796 3797 2128 3864 exquirenda.
