2534 4374
991 503 1262 545 nscRs'rA.
1947 489 2069 546 2:25

318 652 367 701 3.
407 651 734 719 Peraequum
773 652 989 701 omnino
1027 658 1107 702 est
1146 658 1207 701 ut
1243 654 1334 719 qui
1377 653 1727 722 Evangelium
1753 657 2074 706 annuntiant

173 738 238 787 de
267 736 553 805 Evangelio
590 737 799 798 vivant3
839 742 894 788 et
931 754 1053 788 sane
1090 738 1450 789 missionarius
1490 741 1723 790 sacerdos
1748 756 1853 790 non
1880 740 1982 789 alia
2011 742 2075 789 «lc

173 838 327 872 causa
352 821 644 873 oblationes
669 821 910 872 fidelium
947 823 1172 890 percipit
1207 840 1368 891 quam
1399 824 1525 891 quia
1566 825 1923 876 missionarius
1965 835 2035 874 cst
2062 845 2078 884 ;

174 906 396 973 ideoque
421 910 669 956 tenentur
695 906 734 955 ii
760 908 853 974 qui
879 908 945 958 de
972 908 1262 976 Evangelio
1282 909 1471 959 vivunt
1490 916 1782 978 opportune
1801 917 1855 960 et
1882 911 2078 978 impor-

175 997 304 1042 tune
339 990 578 1042 fidelium
609 991 806 1042 animis
832 992 1185 1061 Evangelium
1213 994 1478 1046 insinuare
1503 1000 1558 1046 et
1584 996 1861 1047 inculcare.
1938 997 1991 1047 si
2022 999 2075 1047 iu

173 1093 384 1127 munere
403 1077 546 1128 tanti
565 1078 826 1127 momenti
845 1077 1184 1145 adimplendo
1205 1080 1439 1131 socordes
1458 1080 1671 1143 fuerint,
1688 1099 1749 1131 ex
1767 1099 1850 1131 or(¹
1869 1081 2078 1131 ,Iudicis

171 1163 392 1214 audient
416 1180 478 1214 ea
502 1180 638 1231 quae
672 1180 764 1230 per
790 1162 1112 1231 Prophetam
1138 1164 1434 1231 pastoribus
1459 1166 1645 1233 populi
1672 1168 1752 1217 sui
1779 1167 1907 1217 olim
1935 1186 2077 1216 coun-

171 1249 501 1302 minebatur:
551 1252 585 1278 ‘⁶
605 1248 716 1299 Vae
757 1249 1052 1316 pastoribus
1098 1250 1256 1300 Israel
1298 1250 1392 1317 qui
1433 1251 1717 1318 pascebant
1755 1252 2079 1318 semetipsos,

171 1337 278 1388 Lac
317 1334 690 1397 comedebatis,
730 1339 786 1385 et
825 1334 960 1385 lanis
1000 1335 1398 1402 operiebamini,
1431 1340 1487 1387 et
1526 1337 1664 1403 quod
1705 1354 1932 1387 crassum
1965 1344 2076 1386 orat

171 1419 520 1481 occidebatis;
556 1436 774 1489 gregem
798 1423 982 1471 autem
1007 1437 1188 1471 meum
1212 1437 1317 1471 non
1343 1421 1706 1488 pascebatis.”¹

313 1516 366 1564 4.
405 1512 645 1580 Insuper,
671 1512 716 1563 si
741 1511 1029 1579 unicuique
1053 1513 1333 1563 mandavit
1357 1513 1497 1564 Deus
1530 1514 1596 1564 de
1621 1516 1857 1580 proximo
1882 1534 1990 1578 suo,
2014 1535 2075 1565 ac

169 1602 544 1666 consequenter
582 1613 764 1648 omnes
805 1595 1000 1649 Christi
1034 1597 1215 1650 fideles
1249 1616 1313 1650 ex
1347 1600 1607 1650 charitate
1634 1607 1879 1650 tenentur
1905 1604 2076 1669 proxi—

168 1702 375 1737 morum
409 1684 636 1735 salutem
676 1699 873 1746 curare,
898 1687 1098 1751 quanto
1138 1685 1311 1754 magis
1351 1690 1563 1736 tenetur
1602 1687 1851 1750 sacerdOS,
1889 1690 1981 1755 qui
2024 1691 2073 1738 vi

167 1771 514 1823 ordinationis
555 1786 678 1820 suae
715 1769 983 1839 legatione
1025 1768 1222 1821 Christi
1263 1771 1526 1840 fungitur,
1551 1773 1800 1840 mysteria
1839 1772 1938 1823 Dei
1972 1774 2078 1824 dis-

166 1860 371 1924 pensat,
415 1854 755 1907 Sacramenta
797 1858 1039 1906 aeternae
1088 1856 1276 1907 salutis
1325 1857 1683 1920 administrat,
1735 1865 1791 1908 et
1842 1860 1898 1908 in
1946 1860 1979 1910 J
1985 1877 2074 1910 esu

167 1942 364 1994 Christi
412 1942 701 2010 mysticum
750 1958 936 2009 corpus
976 1941 1412 2008 jurisdictionem
1460 1943 1638 1994 habet.
1733 1942 2075 1995 Meminerint

164 2046 286 2098 ergo
325 2029 586 2079 rationem
623 2046 656 2079 a
692 2045 746 2079 se
784 2028 1105 2079 reddendam
1138 2030 1337 2097 pastori
1371 2047 1464 2081 suo
1494 2030 1552 2080 in
1578 2030 1746 2092 terriS,
1773 2034 1829 2080 et
1854 2032 2077 2081 strictis-

166 2115 357 2165 simam
382 2113 604 2166 Summo
629 2114 838 2165 Pastori
861 2114 930 2165 ad
964 2113 1362 2166 formidandum
1396 2115 1510 2183 ejus
1527 2115 1725 2183 judicii
1754 2115 2004 2180 tribunal,
2029 2119 2073 2168 si

164 2201 495 2270 negligentia
531 2217 625 2251 sua
660 2199 744 2250 vel
780 2216 887 2250 una
931 2201 1045 2251 ovis
1087 2201 1321 2268 perierit.
1395 2202 1507 2251 Vae
1551 2218 1696 2252 servo
1740 2202 1941 2265 inutili,
1981 2206 2073 2271 qui

164 2285 431 2336 talentum
455 2285 557 2336 sibi
583 2302 615 2335 a
641 2283 849 2336 Christo
874 2286 1219 2337 commissum
1251 2286 1456 2337 fodiens
1481 2287 1539 2336 in
1565 2292 1758 2337 terram
1783 2287 2074 2339 abscondit.

162 2370 454 2422 Dominum
476 2360 783 2422 humillime
806 2371 1152 2439 adprecamur
1179 2376 1239 2423 ut
1264 2373 1585 2424 missionarii
1610 2373 1794 2435 nostri,
1814 2374 1881 2424 ad
1901 2391 2076 2425 exem-

162 2456 315 2524 plum
340 2455 395 2508 S.
422 2455 598 2519 Pauli,
623 2457 796 2524 parati
822 2458 932 2507 sint
958 2475 1050 2525 pro
1083 2457 1255 2510 salute
1294 2459 1594 2509 animarum
1635 2458 1828 2526 seipsos
1869 2460 2078 2527 impen-

164 2542 285 2593 dere
309 2542 518 2609 ipsique
543 2541 982 2609 superimpendi.²

310 2635 360 2684 5.
400 2632 718 2684 Obedientia
760 2634 960 2700 pariter
996 2635 1301 2705 obligantur
1340 2636 1627 2687 sacerdotes
1660 2636 1974 2688 missionarii
2007 2638 2075 2687 ad

164 2720 421 2771 indefesse
456 2719 803 2771 laborandum
840 2737 934 2788 pro
972 2721 1144 2772 salute
1181 2722 1480 2772 animarum
1518 2738 1654 2789 quae
1698 2739 1877 2772 eorum
1922 2740 2075 2774 curae

165 2805 540 2872 subjiciuntur.
614 2804 698 2855 Ad
722 2812 960 2857 mentem
990 2812 1236 2858 revocent
1270 2807 1558 2859 solemnem
1591 2807 1740 2857 illam
1766 2809 1945 2858 horam
1971 2826 2073 2876 qua

165 2890 426 2941 ineffabili
465 2891 773 2942 sacerdotali
810 2892 1082 2960 dignitate
1111 2893 1377 2960 insigniti,
1410 2897 1535 2943 ante
1562 2893 1886 2960 Episcopum
1912 2911 2076 2963 genu-

165 2974 306 3038 flexi,
349 2976 707 3028 obedientiam
751 2982 807 3028 et
850 2980 1202 3030 reverentiam
1248 2978 1524 3031 ordinario
1569 2997 1662 3030 suo
1705 2981 2071 3047 promiserunt.

167 3060 303 3112 Cum
349 3078 473 3128 ergo
521 3061 590 3112 ab
638 3062 920 3131 Episcopo,
969 3064 1121 3132 cujus
1169 3066 1462 3133 praeceptis
1512 3082 1621 3115 sese
1661 3064 1851 3115 libenti
1895 3067 2075 3115 animo

166 3147 518 3214 subjecerunt,
544 3148 702 3198 electi
728 3166 790 3199 ac
814 3150 962 3201 missi
988 3155 1132 3215 sunt,
1157 3155 1222 3202 ut
1258 3168 1413 3202 suum
1447 3167 1641 3200 munus
1666 3150 1924 3217 pastorale
1950 3169 2072 3220 erga

165 3249 286 3282 oves
311 3231 414 3282 sibi
433 3233 757 3284 concreditas
775 3235 1125 3302 adimpleant,
1144 3236 1378 3303 profecto
1404 3239 1613 3286 constat
1635 3252 1720 3285 eos
1744 3235 2074 3287 obedientiae

164 3320 443 3383 praecepto
466 3318 698 3385 graviter
721 3318 945 3387 obligari
963 3320 1033 3370 ad
1057 3325 1272 3371 tantum
1297 3320 1530 3371 officium
1549 3320 1649 3369 rite
1675 3319 2069 3386 perficiendum.

310 3403 360 3453 6.
398 3401 621 3469 Insuper
644 3402 979 3471 Apostolicae
1012 3404 1164 3457 Sedis
1196 3406 1531 3473 benignitate
1556 3404 1725 3454 tribus
1750 3404 1853 3454 fere
1878 3405 2075 3456 abhinc

163 3487 385 3538 saeculis
408 3486 725 3554 dispositum
748 3493 830 3540 est
852 3493 915 3540 ut
940 3490 997 3540 in
1023 3490 1218 3558 Anglia
1243 3489 1559 3540 missionarii
1593 3488 1898 3551 sacerdoteS,
1924 3491 2068 3539 omni

871 3635 889 3660 ¹
910 3637 1064 3677 Ezech.
1087 3637 1234 3677 xxxiv.
1257 3640 1296 3687 2,
1321 3639 1361 3678 3.

932 3702 951 3726 ⁸
974 3705 999 3743 2
1019 3703 1114 3744 Cor.
1137 3703 1212 3744 xii.
1238 3704 1301 3743 15.
