2534 4374
1031 506 1301 552 nncams.
2024 498 2110 559 99

225 665 405 700 omnes
444 649 642 703 Urbem
686 660 1040 708 commeantes
1073 657 1449 728 benignissime
1482 663 1706 731 excepit,
1729 668 1785 714 et
1810 664 2116 731 episcopalis

224 732 425 801 gratiae
474 750 507 783 a
556 734 712 788 beato
767 737 934 790 Paulo
997 740 1284 810 descriptae
1345 746 1448 796 toti
1509 747 1808 815 exemplum
1871 749 2118 816 praebens

226 816 510 880 Ecclesiae,
548 818 780 887 hospitio
818 824 1314 879 munificentissimo
1352 831 1617 882 recreavit.

370 901 515 954 Hinc
577 907 772 970 evenit,
834 913 897 959 ut
958 926 988 960 e
1047 917 1222 963 nostro
1283 921 1437 966 coetu
1487 921 1689 983 septem
1740 916 2114 983 Antistites(1)

226 986 597 1041 illustrissimis
633 993 1036 1060 quampluribus
1073 997 1240 1048 totius
1266 998 1404 1049 orbis
1432 999 1702 1068 Episcopis
1726 1001 1929 1062 sociati,
1956 1002 2117 1051 veluti

228 1077 389 1123 testes
461 1075 911 1142 auspicatissimae
985 1079 1131 1131 illius
1203 1081 1530 1135 definitionis
1590 1083 1809 1136 Summo
1872 1085 2117 1136 Pontifici

227 1157 513 1210 astiterint.
612 1160 756 1212 Hinc
816 1163 884 1214 ad
943 1180 1128 1234 greges
1188 1171 1389 1219 nostros
1450 1169 1677 1224 vivacior
1736 1169 2123 1236 quodammodo

227 1242 470 1309 pervenit
511 1247 624 1294 tam
667 1245 891 1315 insignis
933 1247 1176 1300 beneficii
1213 1266 1410 1314 sensus,
1432 1257 1488 1303 et
1521 1253 1577 1302 in
1610 1253 1885 1304 universali
1914 1254 2119 1305 laetitia

231 1327 401 1396 magis
425 1328 620 1379 intima
644 1331 1003 1399 participatio.

370 1412 751 1466 Definitionem
798 1417 968 1486 igitur
1015 1418 1187 1487 ipsam
1235 1420 1459 1472 demisso
1501 1422 1903 1490 gratissimoque
1945 1424 2124 1474 animo

230 1497 592 1565 suscipientes,
642 1500 779 1552 clero
827 1503 1128 1571 populoque
1176 1505 1326 1556 nobis
1376 1507 1666 1557 commissis
1715 1507 1800 1557 hic
1850 1509 2122 1558 unanimes

227 1583 631 1650 proclamamuS,
679 1587 1015 1656 ipsorumque
1064 1589 1256 1657 pietati
1305 1596 1632 1658 peramanter
1680 1592 2121 1643 commendamus.

228 1667 513 1720 Oraculum
572 1676 823 1738 paternae
883 1674 1023 1725 vocis
1084 1675 1307 1726 audiant
1368 1681 1423 1726 et
1471 1675 1752 1726 exsultent.
1851 1676 2119 1726 Maternae

228 1754 512 1822 dignitatis
554 1756 958 1819 incrementum,
1001 1759 1210 1811 honoris
1246 1760 1555 1828 ampliorem
1595 1760 1887 1821 cumulum,
1924 1761 2124 1811 miseri-

227 1839 436 1891 cordiae
460 1841 823 1895 sublimiorem
848 1844 1093 1908 titulum,
1112 1846 1328 1913 pietatis
1353 1846 1624 1915 augendae
1642 1862 1831 1897 novam
1850 1846 2127 1907 rationem,

228 1925 479 1991 puritatis
516 1931 572 1978 et
607 1927 961 1992 innocentiae,
1010 1930 1177 1981 totius
1220 1930 1492 1999 originalis
1536 1931 1734 1981 decoris
1776 1930 1942 1981 veluti
1986 1947 2125 1980 com-

228 2009 561 2076 plementum
585 2013 1136 2082 perfectissimumque
1161 2015 1451 2084 eulogium,
1476 2016 1578 2083 ipsi
1612 2014 1777 2066 Matri
1800 2014 2126 2083 gratulantes

228 2103 617 2165 recognoscant,
642 2099 850 2167 sibique
874 2100 1082 2168 providi
1108 2100 1516 2168 amplectantur.
1591 2099 1798 2152 Crescat
1829 2101 1886 2150 in
1923 2100 2031 2150 dies
2068 2101 2123 2149 in

229 2185 523 2233 nostrorum
566 2185 807 2235 omnium
849 2186 1044 2236 animis
1088 2185 1288 2236 fervens
1330 2186 1388 2235 in
1431 2185 1658 2235 Mariam
1701 2184 1771 2235 ab
1817 2185 1961 2235 omni
2011 2183 2126 2234 labe

229 2267 522 2319 immunem
547 2268 778 2333 devotio,
796 2269 949 2321 firma
973 2269 1186 2333 fiducia,
1204 2270 1384 2320 filialis
1408 2269 1635 2320 affecti0.
1710 2268 1910 2319 Luceat
1934 2270 1990 2319 in
2015 2269 2125 2318 vita

229 2352 421 2404 candor
443 2355 756 2422 praecipuus
780 2356 1062 2419 castitatis,
1086 2355 1414 2406 humilitatis
1438 2355 1664 2406 eximius
1688 2355 1845 2415 nitor,
1871 2354 1925 2403 in
1951 2353 2121 2404 Deum

228 2454 475 2490 accensus
522 2456 684 2503 amor,
732 2441 791 2491 in
839 2441 1104 2509 proximos
1153 2445 1399 2508 prompta
1447 2439 1681 2500 dilectio,
1730 2444 1792 2488 ut
1852 2427 2120 2505 speculum

228 2524 576 2592 nosmetipsos
612 2524 954 2576 exhibeamus
996 2525 1260 2576 virtutum
1302 2541 1432 2592 quas
1471 2523 1669 2592 gloriae
1711 2521 2125 2573 absolutissimae

230 2614 366 2660 serto
389 2610 449 2660 in
472 2609 646 2661 Maria
671 2610 909 2661 coelestis
933 2610 1205 2662 coronavit
1227 2609 1403 2661 Pater.

374 2692 563 2762 Sitque
611 2695 779 2762 ipsius
827 2695 1194 2746 dulcissimum
1242 2711 1434 2745 nomen
1493 2693 1552 2744 in
1601 2692 1698 2744 hoc
1747 2691 2120 2759 qualiscunque

229 2780 394 2830 nostri
430 2779 622 2831 laboris
656 2781 867 2832 exordio
902 2797 934 2831 a
958 2781 1109 2832 nobis
1133 2782 1437 2831 invocatum
1462 2779 1630 2830 veluti
1656 2784 1844 2828 tessera
1868 2775 2120 2842 quaedam

230 2863 527 2932 pignusque
575 2865 788 2916 divinae
843 2866 1062 2935 gratiae,
1121 2882 1226 2933 qua
1286 2866 1387 2917 foti
1446 2864 1529 2931 adj
1537 2864 1723 2930 utique
1782 2878 1912 2929 opus
1973 2859 2123 2910 nobis

230 2950 569 3001 commissum
642 2951 717 3002 sic
789 2950 1015 3003 feliciter
1080 2952 1386 3019 incoeptum
1447 2949 1732 3001 feliciorem
1792 2946 1859 2997 ad
1917 2944 2116 2995 exitum

232 3034 562 3101 perducatur.

897 3164 1297 3218 DECRETUM
1360 3163 1464 3215 III.

561 3277 641 3331 De
675 3276 923 3331 ‘methodo
961 3276 1105 3330 vitae
1139 3276 1207 3329 ‘Im
1244 3273 1469 3344 Synodo
1505 3269 1791 3325 servanda.

899 3429 1300 3483 DECRETUM
1362 3427 1456 3479 IV.

817 3542 898 3595 De
932 3559 1050 3594 ‘no‘n
1078 3534 1543 3611 praejudicando,

381 3694 436 3747 (1)
466 3692 636 3735 Scilicet
660 3690 1030 3733 Eminentissimus
1053 3687 1401 3740 Archiepiscopus
1418 3680 1888 3730 westmonasteriensis,
1911 3679 2000 3719 RR.
2023 3678 2107 3719 ΡΡ.

236 3761 333 3801 DD.
365 3758 564 3812 Episcopi
596 3756 921 3806 Beverlacensis,
952 3753 1266 3807 Newportensis
1296 3755 1338 3792 et
1368 3748 1659 3797 Meneviensis,
1700 3744 2106 3793 Northantoniensis,

236 3826 581 3874 Suthwarcensis‚
601 3822 1010 3876 Nottinghamensis,
1032 3823 1157 3872 atque
1176 3817 1394 3859 Gerr-ensis
1412 3829 1523 3856 nunc
1543 3814 1890 3867 Livet-politanus.
