2534 4374
1073 461 1348 504 nassau.
2065 444 2160 505 33-

407 606 456 657 9.
509 604 778 673 Quidquid
803 606 870 657 ad
895 607 1151 675 pietatem
1188 607 1466 659 fovendam
1504 611 1691 676 aptum
1730 613 1827 670 est,
1863 608 2001 658 inter
2038 625 2155 658 suos

260 689 514 741 instituat
534 708 547 751 3
586 690 784 743 scholas
809 692 1030 757 feriales,
1055 698 1109 744 et
1134 692 1493 756 dominicaleS,
1517 710 1612 744 nec
1650 710 1754 744 non
1791 693 2040 744 serotinas
2065 710 2156 743 seu

260 779 541 827 nocturnas
612 782 943 847 nuncupatas
1014 779 1216 847 aperiat
1243 797 1257 840 3
1331 778 1816 830 confraternitatem
1889 778 2158 828 doctrinae

264 858 587 912 Christianae
627 862 831 927 fundet,
875 863 1025 931 cujus
1065 864 1192 915 socii
1226 862 1368 914 hisce
1402 862 1589 915 scholis
1614 864 1895 922 assistant3
1934 879 2020 913 eas
2046 863 2156 930 ipse

261 945 560 1013 frequenter
584 948 783 1000 visitet.
845 947 1034 1017 (Cone.
1060 947 1224 1001 Prov.
1252 947 1318 999 M
1316 946 1478 1010 ediol,
1504 948 1602 1011 11„
1635 948 1744 999 dec.
1773 951 1858 1014 11.)

403 1030 752 1084 Devotionem
778 1050 899 1102 erga
923 1033 1138 1084 Domini
1177 1034 1341 1085 nostri
1378 1035 1688 1101 passionem,
1713 1039 1769 1084 et
1797 1034 1856 1083 B.
1883 1034 2156 1102 Virginem

261 1122 585 1185 promoveat,
609 1135 655 1169 e.
679 1135 732 1186 g.
757 1118 915 1168 Viam
943 1117 1121 1170 Crucis
1158 1118 1423 1186 erigendo,
1449 1118 1724 1170 Rosarium
1754 1119 2039 1180 recitand0,
2065 1135 2158 1168 nec

261 1219 369 1254 11011
393 1203 652 1270 pietatem
677 1219 799 1272 erga
819 1201 1243 1254 Sacratissimum
1270 1203 1368 1255 Cor
1392 1204 1429 1256 J
1430 1222 1521 1255 esu
1546 1210 1600 1255 et
1622 1205 2034 1255 Immaculatum
2063 1202 2161 1255 Cor

263 1282 636 1336 Sanctissimae
655 1285 767 1353 ejus
786 1284 977 1336 Matris
997 1287 1293 1349 excitando,
1307 1303 1369 1337 ac
1388 1287 1807 1339 benedictionem
1829 1286 2160 1339 Sanctissimi

263 1368 590 1422 Sacramenti
614 1371 820 1438 saepius
845 1372 1196 1439 impertiendo
1222 1369 1310 1441 (¹).

411 1457 493 1506 10.
542 1455 738 1506 Videat
776 1460 957 1506 tamen
1000 1462 1063 1508 ut
1101 1456 1239 1507 nihil
1275 1458 1579 1510 introducat
1615 1458 1755 1526 quod
1780 1475 1884 1509 non
1909 1458 2071 1509 fuerit
2094 1457 2163 1508 ab

263 1535 499 1592 Ecclesia
536 1541 902 1608 approbatum.
993 1541 1272 1610 Quumque
1310 1543 1594 1594 invaluerit
1635 1561 1759 1594 usus
1791 1544 2067 1605 recitandi,
2106 1543 2162 1593 in

261 1626 552 1677 minoribus
576 1626 808 1677 ecclesiis
832 1628 1110 1694 praecipue
1135 1628 1191 1677 in
1216 1629 1611 1696 campestribus,
1631 1629 1890 1680 orationes
1908 1628 2162 1695 quasdam

262 1711 470 1781 vulgari
492 1711 764 1775 idiomate,
789 1717 914 1763 ante
938 1717 994 1764 et
1018 1718 1138 1780 post
1162 1714 1393 1777 missam,
1412 1715 1656 1766 volumus
1680 1720 1744 1765 ut
1767 1715 1944 1765 nullae
1968 1714 2165 1765 admit-

262 1801 446 1848 tantur
469 1814 664 1865 preces‚
689 1798 919 1848 maxime
944 1815 1063 1849 vero
1088 1798 1326 1862 litaniae,
1359 1816 1495 1867 quae
1528 1800 1596 1851 ab
1632 1799 1868 1851 Ecclesia
1906 1816 2013 1850 non
2057 1799 2165 1849 sint

263 1883 513 1946 sancitae,
552 1882 637 1933 vel
679 1882 747 1933 ab
780 1882 1041 1950 Episcopo
1081 1884 1416 1950 approbatae.
1491 1884 1565 1935 Et
1607 1885 1825 1952 quidem
1869 1884 2163 1952 optandum

262 1967 489 2031 videtur,
536 1972 600 2018 ut
647 1967 777 2019 haec
826 1967 1067 2036 Synodus
1116 1969 1319 2037 aliquas
1367 1987 1608 2038 personas
1656 1971 1770 2038 pias
1813 1971 2054 2038 deputet,
2096 1968 2164 2019 ad

261 2051 514 2104 effectum
562 2053 886 2120 compilandi
934 2055 1211 2118 orationeS,
1259 2072 1324 2107 ex
1383 2055 1510 2107 locis
1570 2056 1821 2124 probatis,
1869 2072 2006 2123 quae
2054 2056 2162 2106 ritu

263 2137 516 2189 uniformi
539 2138 738 2205 ubique
762 2140 1064 2190 recitentur.

410 2225 494 2276 ll.
546 2223 649 2276 Sed
667 2224 911 2276 volumus
930 2226 1253 2293 praesertim,
1272 2230 1337 2277 ut
1354 2227 1562 2294 quoties
1582 2225 1825 2295 expedire
1840 2226 2163 2295 judicaverit

265 2309 557 2377 Episcopus
599 2310 903 2362 missionem
940 2311 1025 2362 vel
1068 2312 1314 2363 exercitia
1349 2311 1647 2380 spiritualia
1682 2312 1751 2363 ab
1785 2311 1990 2379 aliquot
2040 2312 2164 2362 viris

263 2395 540 2464 religiosiS,
564 2412 656 2446 seu
681 2396 744 2446 de
769 2395 921 2459 clero,
939 2396 1184 2448 fidelibus
1202 2397 1304 2448 sibi
1321 2399 1611 2449 commissis
1630 2399 1883 2450 tradenda
1905 2402 2162 2466 procuret.

265 2480 355 2531 Ita
394 2481 619 2543 eveniet,
660 2484 725 2531 ut
766 2486 983 2550 surgant
1022 2483 1377 2550 expergefacti
1412 2484 1507 2550 qui
1542 2484 1600 2534 in
1636 2484 1845 2535 delictis
1877 2484 2166 2546 dormiunt,

263 2566 435 2634 tepidi
458 2583 520 2616 ac
544 2566 740 2618 debiles
764 2568 1067 2619 animentur
1091 2573 1146 2619 et
1170 2569 1578 2632 corroborentur,
1598 2569 1736 2637 justi
1760 2587 1879 2621 vero
1902 2586 1964 2620 ac
1988 2569 2162 2620 devoti

264 2653 333 2703 ad
357 2652 644 2703 ferventius
668 2653 887 2720 pietatis
913 2654 1147 2704 studium
1176 2652 1589 2705 inflammentur.

413 2739 496 2788 12.
543 2736 780 2788 Rectoris
803 2738 1068 2802 ecclesiae,
1094 2740 1205 2789 sive
1228 2739 1495 2802 ordinarii,
1511 2742 1621 2791 sive
1635 2740 1968 2802 missionarii,
1993 2739 2165 2807 desig-

265 2823 415 2874 natio
453 2839 612 2890 penes
650 2823 971 2891 Episcopum
1009 2828 1122 2875 est:
1161 2825 1240 2875 ita
1276 2830 1341 2875 ut-
1377 2826 1586 2877 nullum
1618 2827 1709 2894 jus
1751 2826 1819 2875 ad
1860 2825 2159 2893 hujusmodi

265 2908 644 2975 praelationem
681 2909 807 2960 inde
841 2911 1159 2977 acquiratur,
1196 2911 1337 2978 quod
1373 2911 1565 2978 aliquis
1602 2912 1833 2963 sacerdos
1876 2911 2162 2962 secundum

265 2994 443 3046 locum
489 2996 549 3046 in
595 2995 844 3047 missione
891 2997 1243 3064 occupaverit,
1290 2996 1376 3048 vel
1423 2998 1589 3048 etiam
1638 3013 1730 3064 pro
1772 3001 2007 3064 tempore
2045 3012 2162 3046 eam

265 3080 731 3132 administraverit.

415 3164 498 3214 13.
550 3162 746 3215 Caveat
786 3180 854 3214 ne
895 3168 1128 3214 assumat
1168 3180 1341 3225 onera,
1380 3164 1691 3231 temporalia
1729 3164 1812 3214 vel
1851 3162 2164 3231 spiritualia,

269 3248 645 3300 successoribus
686 3248 1130 3309 transmittenda3
1166 3266 1217 3301 V.
1251 3266 1303 3318 g.
1338 3250 1585 3317 pecunias
1628 3250 1800 3300 fenore
1842 3248 2162 3315 accipiend0‚

270 3334 354 3385 vel
377 3335 542 3385 etiam
566 3334 926 3402 promittendo
950 3334 1194 3386 fidelibus
1230 3334 1418 3385 Missas
1460 3351 1552 3401 pro
1591 3334 2006 3385 benefactoribus
2048 3350 2162 3400 per-

268 3423 432 3487 petuo
474 3418 821 3482 celebrandaS,
870 3424 935 3470 ut
982 3436 1136 3487 opera
1183 3420 1274 3486 pia
1321 3419 1557 3482 fimdare,
1605 3420 1687 3470 vel
1726 3420 1889 3470 etiam
1922 3418 2162 3469 ecclesias

268 3508 531 3555 exstruere
554 3520 734 3555 eorum
758 3504 977 3555 inducat
1002 3504 1221 3554 animos.

416 3592 500 3641 14.
551 3588 654 3650 Qui
679 3606 858 3640 curam
881 3593 1073 3658 gerunt
1095 3589 1410 3650 animarum,
1433 3587 1501 3638 ad
1533 3587 1869 3638 residentiam
1906 3604 1959 3639 se
1994 3588 2164 3639 sciant

270 3675 464 3736 teneri3
500 3678 556 3725 et
593 3674 812 3742 proinde
853 3689 1009 3724 nemo
1048 3689 1219 3740 saepe,
1257 3688 1425 3739 neque
1461 3671 1572 3722 sine
1607 3671 1907 3722 rationabili
1936 3687 2104 3734 causa,
2129 3688 2162 3721 a

417 3827 473 3880 (1)
512 3826 721 3867 Videatur
738 3827 986 3875 Rescriptum
1010 3824 1057 3864 in
1074 3822 1285 3877 Append„
1307 3823 1356 3863 n⁰
1374 3822 1518 3873 XXI„
1540 3835 1581 3876 p.
1599 3824 1663 3866 72.
1970 3878 2000 3922 8
