2534 4374
1059 464 1336 509 nuceum.
2055 449 2130 510 31

246 610 443 661 assidui
469 611 525 661 in
551 610 778 662 lectione
803 610 858 663 S.
886 611 1203 680 Scriptus-ae,
1228 617 1284 663 et
1307 612 1624 681 Theologiae
1661 616 1774 663 tam
1812 614 2145 681 dogmaticae

245 710 406 762 quam
431 695 661 759 moralis,
686 701 742 747 et
764 697 1036 748 asceticae.
1110 697 1198 747 Ita
1221 696 1333 760 fiet,
1352 702 1435 759 ut,
1449 714 1659 766 gregem
1685 699 2022 759 instruentes,
2041 715 2145 748 non

245 779 492 831 inanibus
517 780 687 832 verbis
724 781 1004 832 hominum
1042 786 1257 833 tantum
1296 781 1583 850 pulsabunt
1619 799 1785 844 aures,
1818 799 1922 833 non
1965 789 2146 833 contra

244 864 492 916 inimicos
541 866 891 930 dimicabunt,
939 866 1089 918 velut
1136 883 1308 918 aerem
1357 867 1701 930 verberantes,
1763 867 1853 917 sed
1912 872 1967 917 et
2029 866 2146 917 illos

245 950 511 1003 fructuose
536 969 655 1003 vero
680 953 822 1003 vitae
846 969 983 1021 pane
1007 953 1264 1015 nutrient,
1289 956 1345 1003 et
1368 952 1461 1004 hos
1487 952 1653 1003 solida
1685 952 2146 1020 argumentatione

243 1035 620 1106 profligabant.
683 1037 907 1088 Evitent
931 1038 1126 1105 pariter
1149 1037 1400 1088 librorum
1427 1037 1492 1087 de
1515 1036 1667 1087 rebus
1691 1038 1887 1104 ineptis
1912 1041 1967 1087 et
1992 1053 2147 1087 mun-

243 1121 395 1172 danis
412 1122 762 1173 tractantium
780 1122 1036 1173 lecturam
1051 1123 1281 1185 noxiam,
1300 1123 1497 1190 quippe
1521 1122 1615 1190 qui
1638 1127 1693 1173 et
1718 1127 1928 1190 tempus
1952 1127 2009 1173 et
2032 1122 2147 1171 ani-

244 1222 394 1256 mum
403 1206 671 1257 inutiliter
678 1211 1014 1270 consumunt,
1022 1211 1078 1257 et
1087 1207 1241 1258 facile
1250 1207 1634 1258 tentationibus
1643 1207 1849 1258 aditum
1860 1212 2144 1275 praestant.

388 1290 416 1340 1
427 1292 473 1339 1.
524 1289 758 1357 Expedit
774 1294 839 1341 ut
853 1290 1150 1354 facultateS,
1175 1290 1296 1341 aliis
1314 1308 1476 1359 quam
1494 1292 1778 1343 rectoribus
1804 1292 2144 1342 missionariis

242 1390 531 1437 concessae,
572 1374 873 1425 limitentur
921 1375 1095 1442 quoad
1143 1379 1353 1443 tempus
1374 1393 1389 1437 3
1440 1376 1519 1426 ita
1567 1380 1632 1426 ut
1673 1376 1731 1426 in
1774 1376 2034 1444 principio
2078 1378 2143 1427 ad

241 1475 459 1522 annum,
484 1463 540 1510 et
564 1459 640 1510 sic
670 1460 939 1528 gradatim
963 1460 1032 1511 ad
1057 1460 1267 1530 longius
1293 1461 1546 1528 temporis
1572 1461 1824 1528 spatium,
1850 1462 2140 1512 tradantur.

242 1543 592 1595 Meminerint
630 1561 750 1595 vero
793 1545 1081 1595 sacerdotes
1121 1545 1379 1613 episcopis
1412 1546 1504 1613 jus
1541 1551 1851 1613 competere,
1887 1563 2145 1614 usumque

241 1628 372 1679 alibi
393 1629 625 1698 vigere,a
640 1627 916 1680 Benedict.
933 1629 1084 1680 XIV.
1101 1627 1346 1699 (Instit.)
1362 1646 1675 1699 magnopere
1695 1632 2143 1694 commendatum,

240 1718 367 1765 ante
425 1715 821 1766 renovationem
881 1714 1200 1766 facultatum
1274 1716 1414 1783 ipsos
1474 1716 1778 1781 sacerdoteS‚
1840 1718 2144 1784 praesertim

236 1799 485 1868 juniores,
510 1799 708 1851 iterum
732 1800 801 1851 ad
828 1817 1050 1851 examen
1086 1800 1381 1852 revocandi.
1455 1800 1545 1851 Ita
1579 1801 1797 1868 quidem
1822 1801 1934 1865 fiet,
1970 1807 2051 1865 ut,
2087 1803 2145 1852 in

241 1884 397 1935 sacris
422 1884 742 1936 lectionibus
766 1902 828 1936 ac
852 1886 998 1936 verbi
1023 1885 1124 1936 Dei
1162 1886 1341 1937 studio
1382 1891 1787 1954 perseveranteS,
1831 1887 2144 1938 assistricem

239 1970 552 2022 coelestibus
576 1971 787 2023 sedibus
806 1972 1143 2039 sapientiam,
1168 1972 1320 2040 quasi
1344 1976 1571 2023 matrem
1595 1971 2015 2038 honorificatam,
2042 1974 2144 2025 sibi

239 2060 598 2108 occurrentem
622 2057 682 2107 in
706 2073 849 2108 sacro
874 2057 1169 2108 ministerio
1194 2057 1489 2108 inveniant.
1557 2055 1718 2125 (Eccl.
1746 2071 1862 2122 XV„
1888 2058 1967 2128 2.)

388 2144 471 2193 12.
523 2141 626 2193 Sed
650 2159 774 2193 cum
799 2142 858 2193 in
882 2158 1048 2193 manu
1072 2141 1175 2194 Dei
1201 2143 1366 2194 simus
1391 2146 1441 2194 et
1463 2158 1566 2195 ‘nos
1582 2146 1630 2194 et
1648 2159 1922 2195 sermones
1945 2144 2144 2208 nostri,

238 2225 489 2279 ctom‘nis
514 2224 808 2296 sapientia,
835 2229 884 2278 et
908 2243 1141 2296 operum
1163 2226 1398 2279 scicntia
1423 2231 1472 2279 et
1497 2225 1808 2297 disciplina
1833 2228 1996 2298 (Sap.
2024 2242 2143 2294 vn„

243 2311 355 2382 16),
397 2313 566 2381 igitur
605 2312 792 2381 Ipsum
824 2313 1066 2365 invocare
1105 2314 1373 2378 debemuS,
1397 2319 1463 2365 ut
1494 2315 1677 2365 veniat
1710 2315 1767 2365 in
1792 2332 1886 2367 nos
1912 2315 2145 2383 Spiritus

238 2398 548 2466 sapientiae.
641 2396 710 2468 (I
712 2396 756 2451 b.
796 2396 873 2468 7.)
964 2398 1315 2460 Quamobrem
1355 2400 1676 2451 sacerdotem
1718 2400 1871 2451 decet
1918 2401 2144 2452 orationi

238 2500 392 2552 saepe
410 2500 610 2554 vacare,
629 2488 695 2535 ut
711 2484 811 2535 hoc
830 2484 1030 2536 donum
1046 2502 1077 2535 a
1092 2485 1253 2537 Patre
1265 2485 1533 2536 luminum
1553 2485 1869 2536 descendens
1888 2486 2142 2538 obtineat.

239 2567 491 2630 Quotidie
535 2569 692 2621 sacris
730 2570 1173 2622 meditationibus
1206 2575 1376 2635 vacet,
1414 2571 1658 2622 divinum
1684 2569 1930 2622 Officium
1956 2572 2143 2623 devote

236 2654 458 2705 recitare
483 2655 712 2719 studeat,
739 2653 1114 2707 Sanctissimae
1151 2649 1519 2707 Eucharistiae
1556 2661 1943 2707 sacramentum
1982 2657 2142 2708 semel

238 2738 428 2791 saltem
470 2739 530 2790 in
571 2740 657 2790 die
695 2739 898 2805 visitet,
936 2740 1311 2794 Beatissimam
1353 2740 1630 2812 Virginem
1669 2741 1899 2794 Mariam
1948 2742 2141 2793 eximia

236 2824 521 2877 devotione
544 2825 703 2878 colat.

872 2957 1278 3011 DECRETUM
1337 2955 1513 3011 XXV.

759 3082 841 3136 Dc
874 3081 1199 3136 Rectmibus
1235 3081 1628 3136 Ecclesiarum.

383 3209 489 3274 Qui
529 3215 738 3280 praeest
778 3212 1044 3276 ecclesiae,
1088 3212 1199 3263 sive
1241 3211 1465 3279 simplex
1504 3211 1575 3262 sit
1617 3210 1993 3273 missionarius,
2031 3211 2139 3261 sive

237 3296 402 3349 titulo
420 3299 634 3349 rectoris
652 3298 972 3350 missionarii
990 3298 1376 3359 condecoretur,
1395 3295 1495 3347 Dei
1521 3296 1730 3347 villicus
1756 3301 1835 3347 est
1854 3295 2138 3358 habendus,

237 3383 328 3435 cui
352 3383 652 3434 concredita
673 3387 755 3435 est
786 3401 906 3451 pars
941 3383 1254 3434 Dominicae
1291 3381 1478 3432 vineae
1520 3381 1819 3432 excolenda.
1895 3379 1980 3431 Sit
2017 3398 2140 3448 ergo

237 3467 391 3519 utilis
415 3472 472 3519 et
494 3467 684 3531 fidelis,
708 3468 767 3519 in
791 3468 1036 3520 omnibus
1061 3467 1317 3529 laboranS,
1341 3482 1542 3516 memor
1566 3466 1804 3516 eamdem
1821 3481 1930 3515 esse
1948 3466 2137 3516 rectori

236 3553 387 3604 navis
411 3556 469 3604 et
490 3553 707 3623 navigio
731 3553 1022 3605 deferendis
1047 3552 1233 3603 salutis
1258 3551 1341 3602 vel
1365 3550 1588 3619 periculi
1611 3550 1886 3600 rationem.

385 3640 432 3688 1.
484 3637 796 3706 Quicunque
820 3638 990 3707 igitur
1013 3637 1175 3687 alicui
1190 3635 1584 3705 congregationi
1600 3634 1900 3702 praeficitur
1919 3635 2138 3684 emittat

236 3721 296 3773 in
336 3723 581 3774 manibus
614 3723 864 3790 episcopi,
902 3722 987 3773 vel
1022 3722 1136 3789 ejus
1172 3721 1373 3782 vicarii,
1409 3720 1778 3787 professionem
1806 3717 1947 3780 fidei,
1973 3735 2132 3785 quam

233 3806 499 3876 integram
516 3806 760 3859 fidelibus
785 3808 886 3859 sibi
913 3806 1205 3859 commissis
1231 3823 1285 3857 se
1308 3806 1732 3874 praedicaturum
1758 3805 2054 3872 spondebit.
