2534 4374
545 475 787 520 APPEND.
833 480 895 522 11.
981 481 1263 526 sumnus
1306 483 1598 527 sanonum.
1892 468 2014 531 267

1033 787 1121 851 II.

812 947 1333 1017 SYLLABUQ

279 1081 666 1123 COMPLEOTENS
702 1082 1042 1123 PRAECIPUOS
1079 1085 1323 1125 NOSTRAE
1358 1087 1584 1127 AETATIS
1621 1089 1859 1129 ERROROE

196 1171 293 1223 QUI
341 1171 638 1211 NOTANTUR
687 1173 747 1211 IN
796 1173 1268 1213 ALLOCUTIONIBUS
1318 1177 1843 1228 CONSISTORIALIBI'S,
1887 1179 1942 1217 IN

264 1264 598 1314 ENCYOLICIS,
622 1263 882 1312 ALIISQUE
905 1264 1249 1305 APOSTOLICIS
1274 1267 1516 1306 LITTERIS
1539 1269 1872 1308 SANCTISSIMI

653 1357 861 1397 DOMINI
886 1358 1081 1397 NOSTRI
1105 1358 1183 1397 PII
1208 1359 1381 1397 PAPAE
1406 1360 1484 1398 IX.

1018 1562 1127 1630 §L

170 1671 585 1738 Pantheismus,
621 1671 1051 1727 Naturalismus
1090 1677 1137 1725 et
1173 1671 1628 1727 Rationalismus
1666 1673 1967 1727 absolutus.

258 1788 305 1840 I.
342 1788 571 1840 Nullum
608 1806 928 1857 supremum,
966 1790 1435 1857 sapientissimum,
1471 1790 2019 1858 providentissimum-

118 1890 220 1943 que
234 1873 446 1926 Numen
461 1874 706 1926 divinum
721 1875 932 1926 exsistit
946 1879 1014 1927 ab
1028 1874 1126 1926 hac
1142 1892 1314 1926 rerum
1330 1875 1672 1927 universitate
1689 1876 2018 1934 distinctum,

115 1962 171 2009 et
193 1956 335 2009 Deus
372 1957 517 2008 idem
556 1961 637 2007 esb
675 1974 736 2008 ae
774 1975 950 2009 rerum
989 1962 1177 2008 natura
1220 1962 1277 2008 et
1313 1958 1507 2009 ideirco
1551 1958 2014 2008 immutationibus

117 2039 386 2102 obnoxius,
411 2039 658 2107 Deusque
682 2056 859 2107 reapse
899 2040 964 2090 fit
998 2041 1058 2090 in
1094 2039 1309 2090 homine
1333 2045 1388 2090 et
1413 2041 1630 2102 mundo,
1656 2046 1815 2106 atque
1842 2041 2016 2089 omnia

117 2124 254 2176 Deus
278 2129 403 2175 sunt
428 2129 484 2175 et
508 2125 828 2192 ipsissimam
853 2124 954 2176 Dei
979 2124 1176 2176 habent
1201 2125 1578 2185 substantiam3
1604 2142 1665 2175 ao
1683 2141 1789 2175 una
1810 2125 2015 2174 eadem-

115 2226 218 2278 que
252 2227 331 2261 res
367 2214 448 2262 est
483 2210 626 2261 Deus
651 2227 775 2261 cum
799 2211 1017 2274 mund0,
1043 2215 1099 2262 et
1131 2211 1349 2279 proinde
1384 2211 1599 2278 spiritus
1634 2227 1756 2260 cum
1783 2210 2020 2267 materia,

116 2296 392 2347 necessitas
426 2313 550 2346 cum
586 2296 851 2359 libertate,
877 2313 1059 2348 verum
1086 2313 1209 2347 cum
1235 2296 1383 2359 fals0‚
1409 2297 1607 2347 bonum
1633 2313 1754 2347 cum
1782 2295 1937 2356 malo,
1962 2302 2010 2344 et

114 2382 320 2450 justum
346 2400 469 2433 cum
494 2382 713 2450 injusto,
1016 2434 1018 2437 .

370 2473 507 2513 ΑΠοο.
529 2474 714 2512 Maxima
732 2472 886 2523 quidem
906 2473 930 2511 9
950 2471 980 2512 J
982 2471 1089 2521 unii,
1113 2473 1229 2511 1862.

257 2566 336 2619 ΙΙ.
372 2566 424 2617 N
427 2568 630 2636 eganda
655 2570 735 2618 est
761 2567 933 2618 omnis
959 2567 1059 2618 Dei
1084 2567 1226 2618 actio
1251 2567 1309 2617 in
1335 2567 1572 2618 homines
1599 2572 1655 2617 et
1680 2566 1957 2616 mundum.

369 2657 507 2697 Alloc.
525 2658 709 2697 Maxima
728 2659 883 2710 quidem
903 2659 927 2697 9
947 2657 1085 2708 Junii,
1113 2661 1229 2697 1862.

259 2750 367 2803 ΙΙΙ.
418 2751 670 2803 Humana
718 2754 871 2815 rati0‚
921 2753 1070 2804 nullo
1118 2770 1324 2821 prorsus
1382 2752 1482 2804 Dei
1531 2755 1770 2820 respectu
1820 2751 2018 2812 habite,

119 2836 304 2887 unicus
328 2841 410 2887 est
434 2838 543 2888 veri
567 2841 624 2888 et
648 2838 787 2901 falsi,
813 2839 939 2889 boni
977 2843 1033 2890 et
1069 2839 1199 2890 mali
1240 2839 1452 2903 arbiter,
1478 2838 1575 2889 sibi
1604 2839 1706 2906 ipsi
1732 2844 1810 2889 est
1838 2838 1938 2899 lex,
1964 2844 2013 2887 et

119 2921 444 2973 naturalibus
494 2923 602 2973 suis
651 2923 850 2975 viribus
901 2924 969 2975 ad
1017 2923 1296 2975 hominum
1346 2941 1406 2975 ac
1455 2924 1770 2993 populorum
1821 2923 2013 2974 bonum

120 3006 410 3058 curandum
435 3007 647 3060 sufficit.

374 3098 510 3139 Alloo.
532 3101 716 3139 Maxima
734 3101 889 3151 quidem
908 3102 932 3139 9
951 3100 982 3140 J
983 3100 1089 3150 unii,
1116 3102 1232 3140 1862.

262 3193 341 3245 IV
344 3232 357 3245 .
408 3193 602 3247 Omnes
637 3196 907 3266 religionis
940 3197 1191 3248 veritates
1214 3215 1278 3248 ex
1303 3198 1486 3248 nativa
1510 3197 1768 3247 humanae
1803 3194 2018 3245 rationis

122 3278 176 3329 vi
208 3278 474 3340 derivant3
514 3279 638 3331 hinc
682 3281 817 3332 ratio
861 3285 941 3332 est,
984 3282 1228 3349 princeps
1271 3298 1471 3343 norma,
1496 3298 1599 3349 qua
1642 3282 1798 3330 homo
1841 3278 2017 3346 cogni-

122 3364 320 3415 tionem
345 3367 586 3417 omnium
628 3366 1008 3435 cujuscumque
1050 3367 1256 3436 generis
1299 3367 1583 3419 veritatum
1627 3365 1830 3432 assequi
1858 3363 2014 3431 possit

122 3463 182 3499 ac
207 3449 409 3501 debeat.

376 3538 514 3591 Epist.
536 3539 697 3591 encycl.
724 3539 801 3586 Qui
814 3539 1001 3589 pluribus
1021 3541 1045 3579 9
1064 3539 1330 3589 Novembris,
1358 3540 1474 3578 1846.

377 3604 516 3657 Epist.
538 3605 700 3658 encycl.
724 3606 933 3658 Sinqulari
952 3608 1106 3657 quidem
1129 3606 1176 3649 17
1196 3604 1356 3655 Martii,
1384 3606 1495 3645 1856.

378 3670 514 3712 Alloc.
536 3673 720 3712 Maxima
739 3673 892 3723 quidem
910 3673 935 3712 9
954 3671 1091 3722 Junii,
1117 3673 1234 3713 1862.
