2534 4374
915 487 1156 532 APPEND.
1205 489 1260 531 x.
1912 477 2030 536 311

0 650 15 685 ι
135 639 331 687 rentur.
420 632 532 683 Hos
574 634 715 684 inter
753 634 1077 702 praeclarum
1118 642 1180 686 tu
1223 638 1457 704 quidem,
1484 639 1677 690 dilecte
1720 641 1814 703 fili,
1863 642 2033 693 locum

134 720 359 781 obtineS,
410 719 500 785 qui
551 720 776 786 egregiis
814 720 1286 773 ecclesiasticorum
1327 723 1576 775 librorum
1616 726 1953 788 editionibus,
1980 747 2040 777 ac

139 803 444 874 praesertim
489 819 683 871 magna
724 821 848 854 cura
888 805 1048 855 edit-is
1089 805 1235 855 libris
1281 806 1479 857 Cantus
1518 808 1844 875 Gregoriani,
1870 811 2041 878 'rypo-

137 888 325 962 graphi
368 887 642 938 Pontificii
687 893 743 938 et
787 888 1060 940 Sacrorum
1112 890 1338 941 Rituurn
1392 885 1824 960 congregationis
1877 897 2039 947 titulo

139 973 445 1043 insignitUS,
479 989 751 1040 nunquam
796 975 1052 1025 destitisti
1100 974 1426 1027 Catholicam
1471 996 1599 1041 rem,
1642 988 1901 1047 qnantum
1949 989 2039 1031 tua

135 1065 251 1113 arte
274 1063 442 1127 potes,
467 1058 724 1108 luctuosis
764 1058 907 1109 hisce
947 1059 1139 1126 quibus
1179 1077 1443 1111 versamur
1483 1065 1806 1131 temporibus
1838 1066 2039 1132 juvare.

142 1145 516 1198 Gratissimum
580 1159 699 1193 vero
749 1142 914 1193 Nobis
963 1144 1178 1206 accidit,
1230 1146 1367 1211 quod
1420 1163 1587 1214 nuper
1636 1150 1936 1199 audivimus
1988 1157 2040 1201 te

141 1229 437 1292 Gradualis,
482 1229 622 1295 quod
663 1233 872 1291 vocant,
914 1228 1139 1279 Romani
1184 1230 1492 1293 editionem,
1518 1250 1639 1282 sane
1678 1234 1949 1301 pulchram
1986 1242 2041 1286 et

140 1314 497 1385 magnificam,
523 1330 683 1381 quam
710 1313 960 1363 editionis
986 1314 1152 1364 instar
1177 1314 1466 1379 Mediceae,
1492 1323 1546 1366 et,
1572 1317 1730 1383 juxta
1767 1336 1973 1370 normas
2010 1337 2041 1370 a

143 1402 415 1455 Sacrorum
441 1398 669 1449 Rituum
696 1396 1111 1466 Congregatione
1152 1400 1255 1450 tibi
1299 1402 1643 1468 praescriptas
1686 1404 2040 1466 morum-eras,

138 1488 207 1538 ad
232 1487 438 1537 exitum
469 1484 787 1551 perduxisse.
863 1483 978 1543 Qua
1014 1502 1069 1534 re
1107 1485 1273 1535 facere
1310 1502 1415 1536 non
1452 1503 1742 1553 possumus,
1766 1490 1896 1555 quin
1935 1490 2041 1539 col-

140 1574 367 1624 locatam
393 1586 425 1619 a
449 1573 504 1619 te
529 1570 586 1618 in
612 1585 673 1619 ea
697 1584 910 1635 operam
936 1572 1098 1636 atque
1123 1569 1442 1620 industriam
1487 1572 1819 1622 vehementer
1861 1575 2042 1640 probe-

141 1674 290 1717 mus;
327 1673 391 1706 ex
415 1670 521 1721 qua
559 1653 795 1703 mult-um
840 1658 896 1703 et
938 1653 1136 1704 decoris
1176 1658 1232 1704 et
1275 1654 1533 1705 utilitatis
1578 1657 1731 1706 sacris
1777 1657 2041 1710 Ecclesiae

139 1743 329 1796 ritibus
354 1742 564 1792 orietur.
638 1740 815 1806 Atque
840 1739 971 1789 adeo
995 1738 1130 1789 hanc
1156 1740 1327 1806 ipsam
1353 1740 1486 1790 dicti
1516 1739 1795 1790 Gradualis
1815 1740 2040 1792 Romani

139 1828 447 1889 editionem,
473 1825 583 1875 tuis
617 1824 919 1891 sumptibus
963 1841 1024 1874 ac
1066 1823 1333 1874 laboribus
1375 1830 1660 1886 exaratam,
1702 1825 2042 1876 Reverendis-

140 1913 287 1965 simis
311 1911 543 1962 locorum
570 1908 878 1972 Ordinariis,
903 1909 1074 1976 iisque
1099 1909 1345 1959 omnibus
1371 1910 1561 1976 quibus
1598 1910 1827 1960 Musiees
1870 1929 2041 1961 sacrae

138 2014 262 2050 cura
304 2000 401 2059 est,
442 2010 636 2063 magno
680 2010 833 2061 opere
875 1994 1338 2053 commendamus3
1377 2011 1437 2043 eo
1472 1994 1556 2044 vel
1591 1996 1760 2063 magis
1795 1997 1933 2062 quod
1971 1997 2042 2045 sit

139 2083 304 2136 Nobis
328 2080 560 2131 maxime
584 2080 643 2130 in
667 2078 824 2142 votiS,
849 2083 914 2129 ut
937 2096 1060 2129 cum
1085 2080 1143 2129 in
1169 2081 1356 2129 ceteris
1380 2095 1516 2146 quae
1542 2080 1609 2130 ad
1636 2097 1833 2130 sacram
1863 2080 2042 2131 Litnr-

138 2170 284 2239 giam
307 2166 595 2235 pertinent,
620 2168 742 2214 tum
785 2164 950 2214 etiam
992 2164 1051 2213 in
1096 2168 1276 2226 cantu,
1310 2180 1434 2225 una,
1468 2164 1675 2214 cunctis
1715 2166 1771 2214 in
1813 2165 1940 2215 locis
1980 2184 2040 2216 ac

137 2251 489 2313 Dioecesibus,
500 2250 786 2317 eademque
804 2250 941 2300 ratio
958 2255 1204 2313 servetur,
1214 2267 1320 2317 qua
1340 2251 1579 2301 Romana
1594 2251 1768 2300 utitur
1788 2251 2039 2303 Ecclesia.

141 2341 347 2391 Interea
384 2337 515 2387 dum
551 2339 625 2398 te,
651 2334 848 2384 dilecte
873 2333 972 2397 fili,
991 2335 1157 2385 etiam
1182 2341 1342 2402 atque
1369 2336 1532 2386 etiam
1566 2337 1624 2385 in
1660 2335 1887 2386 Domino
1926 2336 2042 2387 hor-

139 2431 315 2476 tamur
350 2425 414 2472 ut
449 2437 636 2490 pergas
665 2423 844 2471 tenere
869 2420 1029 2470 istam
1055 2421 1198 2470 viam
1225 2438 1386 2487 quam
1411 2420 1716 2481 instituisti,
1743 2425 1798 2470 et
1822 2420 2039 2472 laudum

141 2516 352 2561 tuarum
368 2506 607 2574 vestigiis
626 2505 882 2567 insistere,
892 2505 1037 2555 aliud
1057 2505 1156 2555 hoc
1177 2510 1301 2555 tuae
1320 2505 1651 2572 operositatis
1670 2511 2040 2572 argumentum

140 2598 494 2664 expectamus,
519 2596 584 2643 ut
608 2608 744 2659 quae
769 2591 942 2641 adhuc
970 2591 1171 2641 edenda
1195 2590 1299 2641 tibi
1325 2594 1606 2657 supersunt
1630 2591 1693 2642 de
1721 2590 2041 2659 Gregoriano

143 2684 302 2733 cantu
324 2677 616 2739 volumina,
641 2676 833 2743 quibus
859 2675 1109 2726 inchoata
1134 2675 1263 2726 olim
1287 2691 1319 2725 a
1344 2675 1432 2725 fel.
1458 2692 1618 2725 mem.
1647 2675 1813 2726 Paulo
1841 2676 1949 2726 ΡΡ.
1976 2677 2039 2727 V.

140 2765 536 2819 Praedecessore
560 2762 753 2813 Nostro
777 2760 1051 2830 perficitur
1076 2761 1261 2824 editio,
1277 2761 1494 2811 tandem
1518 2761 1577 2810 in
1602 2761 1774 2811 lucem
1800 2762 2040 2829 proferas,

140 2853 287 2914 Quae
321 2855 384 2900 ut
421 2848 644 2899 alacrius
680 2851 944 2915 praestare
970 2847 1119 2909 veIiS,
1136 2846 1259 2914 jura
1283 2846 1463 2896 omnia
1489 2850 1544 2896 et
1568 2846 1863 2915 privilegia,
1890 2864 2041 2914 quae,

140 2938 207 2990 ob
225 2934 697 2988 ecclesiasticorum
716 2933 968 2983 librorum
988 2949 1019 2982 a
1034 2937 1090 2982 te
1108 2935 1346 2999 peractas
1365 2931 1642 2994 editioneS,
1653 2932 1719 2981 ab
1736 2932 1831 2982 hac
1849 2931 2043 2982 Sancta

141 3024 274 3077 Sede
288 3039 382 3090 per
397 3020 674 3072 Sacrorum
691 3019 918 3070 Rituum
936 3017 1409 3087 Congregationem
1429 3033 1669 3067 concessa
1688 3017 1788 3067 tibi
1810 3018 2041 3079 fuerunt,

140 3110 283 3160 hisce
298 3107 504 3158 Nostris
521 3105 744 3156 Litteris
763 3103 1153 3165 confirmamUS,
1168 3103 1487 3168 iterumque,
1504 3102 1547 3151 si
1567 3118 1697 3168 opus
1718 3102 1895 3163 fuerit,
1912 3102 2042 3152 elar-

139 3196 342 3264 gimur3
368 3209 428 3243 ac
449 3190 609 3242 simul
626 3188 1023 3241 benevolentiae
1039 3187 1261 3237 Nostrae
1280 3188 1631 3237 certissimum
1651 3188 1862 3254 pignus,
1879 3188 2041 3253 Apos-

137 3279 356 3340 tolicam
371 3275 806 3327 Benedictionem
821 3274 925 3324 tibi
942 3290 1004 3323 ac
1019 3273 1130 3323 tuis
1149 3272 1393 3322 omnibus
1412 3288 1475 3321 ex
1491 3273 1669 3321 animo
1688 3272 2038 3338 impertimur.

279 3363 483 3413 Datum
501 3361 700 3411 Domae
718 3359 862 3427 apud
882 3357 1140 3409 Sanctum
1155 3357 1377 3407 Petrum
1398 3357 1493 3406 sub
1512 3356 1722 3405 Annulo
1744 3356 2041 3417 PiscatoriS,

135 3449 225 3500 die
267 3446 446 3498 XXX.
489 3445 628 3513 Maji
668 3440 1177 3496 MDCCCLXXIII.
1270 3440 1621 3491 Pontificatus
1664 3440 1842 3490 Nostri
1888 3441 2041 3490 Anno

104 3541 109 3549 “
139 3533 409 3603 Vigesimo
437 3530 694 3598 Septimo·

317 3617 379 3667 L.
406 3613 478 3685 *¹⁴
504 3614 558 3666 S.
1052 3609 1317 3660 FABIUS
1370 3608 1574 3660 CARD.
1627 3608 2037 3669 ASQUINIUS.

138 3701 347 3754 Dilecto
372 3701 515 3751 Filio
541 3699 731 3766 Equiti
756 3697 1033 3748 Frederico
1059 3695 1268 3758 Pustet‚

282 3782 548 3835 Dioecesis
575 3779 991 3841 Ratisbonensis,
1015 3781 1116 3828 etc.
