2534 4374
455 451 540 514 88
1037 469 1198 513 coxo.
1239 469 1413 513 PRov.
1457 470 1679 514 wss'rM.
1726 472 1770 515 1.

931 777 1030 829 DE
1079 777 1298 829 MISSA
1347 776 1489 830 PRO
1539 776 1842 830 POPULO.

858 966 1116 1005 EPISTOLA
1163 965 1209 1005 S·
1256 965 1418 1006 CONG.
1467 966 1543 1006 DE
1589 967 1745 1007 PROP.
1793 967 1940 1008 FIDE.

443 1190 619 1241 Illmo.
646 1209 675 1242 e
700 1192 852 1243 Rmo.
882 1191 1119 1259 Signom,

587 1276 651 1325 In
676 1278 801 1327 data
827 1278 912 1328 del
943 1280 1006 1327 12
1034 1278 1216 1344 Aprile
1242 1278 1298 1328 di
1323 1277 1490 1344 quest?
1515 1295 1654 1331 anno
1676 1278 1799 1330 V.S.
1819 1279 1877 1330 in
1902 1280 2096 1330 unione
2122 1282 2203 1331 coi
2229 1281 2350 1332 VV.

443 1362 556 1411 suoi
584 1360 909 1430 Suffraganei
935 1379 1229 1430 proponeva
1254 1363 1359 1414 alla
1384 1363 1438 1415 S.
1466 1361 1696 1434 Congne.
1721 1366 1743 1415 i
1768 1366 2009 1432 sequenti
2034 1366 2293 1417 dubbii—

589 1450 635 1498 1.
673 1446 756 1497 An
806 1447 1058 1514 Episcopi
1118 1452 1400 1498 teneantur
1457 1454 1665 1515 praeter
1712 1449 1935 1500 Missam
1975 1466 2087 1518 pro
2130 1449 2354 1519 populo

441 1533 723 1583 secundam
763 1533 984 1584 Missam
1024 1534 1280 1601 applicari
1323 1551 1501 1585 curare
1543 1552 1636 1601 pro
1675 1535 2081 1604 congregatione
2105 1535 2348 1586 fidelium

440 1634 598 1685 prope
623 1617 915 1669 Ecclesiam
941 1617 1307 1669 Cathedralem
1333 1619 1474 1670 intra
1499 1625 1666 1671 certos
1689 1619 1891 1671 limites
1914 1620 2191 1672 existente.

585 1706 634 1754 2.
673 1704 757 1754 An
829 1708 1003 1755 stante
1069 1706 1352 1755 recentiore
1421 1705 1746 1772 expositione
1805 1705 1977 1772 quoad
2026 1705 2185 1756 festos
2234 1707 2355 1756 dies-

441 1786 674 1836 sublatos
714 1787 770 1835 in
815 1785 1211 1837 Constitutione
1253 1785 1658 1838 rimanti-ssimi
1694 1784 2079 1854 Redemptor&
2103 1787 2348 1854 permitti

440 1869 606 1934 possit
630 1873 691 1918 ut
718 1868 967 1935 Episcopi
995 1874 1202 1920 servent
1225 1869 1338 1919 dies
1373 1868 1635 1920 indicatos
1658 1869 1717 1920 in
1742 1869 2016 1936 Rescripto
2051 1869 2118 1920 14
2142 1869 2357 1933 Martii,

446 1957 600 2008 1847.

584 2046 633 2092 3.
672 2043 755 2093 An
780 2046 1061 2094 teneantur
1085 2042 1410 2094 Missionarii
1436 2042 1683 2096 Rectores
1706 2043 1766 2094 in
1789 2043 1985 2113 Anglia
2008 2043 2231 2095 Missam
2254 2060 2357 2112 pro

439 2128 635 2195 populo
660 2129 941 2196 applicare.

582 2217 634 2263 4.
671 2215 754 2264 An
779 2217 1061 2264 teneantur
1084 2214 1179 2265 alii
1199 2213 1503 2266 Sacerdotes
1526 2214 1586 2266 in
1608 2213 1848 2282 qualibet
1871 2213 2124 2266 Missione
2144 2213 2242 2265 soli
2266 2213 2351 2264 vel

439 2300 600 2367 primi
625 2299 845 2350 Missam
871 2317 963 2366 pro
989 2299 1185 2366 populo
1210 2300 1492 2368 applicare.

584 2384 611 2434 I
654 2385 840 2436 dubbii
885 2386 1161 2457 suniferiti
1204 2403 1328 2437 sono
1372 2386 1502 2436 stati
1545 2388 1971 2436 accuratamente
2014 2384 2252 2447 discussi,
2281 2383 2348 2435 ed

444 2487 565 2520 ecco
590 2474 787 2536 quanto
812 2470 879 2520 ho
905 2488 935 2520 a
960 2471 1281 2538 risponderle
1306 2471 1390 2522 sui
1414 2471 1706 2522 medesimi.

583 2555 850 2623 Riguardo
894 2555 945 2604 al
984 2555 1156 2622 primo
1200 2573 1352 2624 posso
1394 2556 1529 2607 dirle
1571 2555 1667 2606 che
1691 2571 1798 2606 non
1823 2555 2038 2606 essendo
2062 2554 2113 2605 le
2138 2553 2351 2606 Diocesi

441 2640 490 2690 d'
517 2640 835 2708 Inghilterra
878 2641 1045 2691 divise
1088 2642 1147 2692 in
1186 2654 1303 2692 vere
1327 2659 1355 2692 e
1397 2643 1788 2710 propriamente
1828 2641 1978 2691 dette
2022 2640 2348 2702 Parrocchie,

441 2723 462 2772 i
509 2722 622 2772 VV.
673 2722 769 2772 che
818 2722 948 2772 oltre
1015 2723 1530 2775 l'amministrazione
1578 2722 1820 2792 generale
1859 2722 1998 2772 della
2035 2721 2262 2784 Diocesi‚
2303 2722 2350 2771 si

442 2809 700 2857 riservano
726 2807 777 2856 la
802 2824 924 2857 cura
949 2808 1005 2857 di
1030 2825 1105 2858 un
1148 2808 1370 2875 qualche
1413 2809 1679 2870 distrett0‚
1703 2824 1810 2857 non
1835 2822 1960 2857 sono
1983 2810 2154 2873 punto
2173 2806 2350 2856 tenuti

442 2893 537 2943 all’
563 2893 920 2960 applicazione
946 2894 1033 2960 pel
1069 2893 1260 2961 popolo
1285 2894 1343 2944 di
1379 2909 1489 2944 una
1527 2892 1750 2944 seconda
1786 2891 1977 2955 Messa,
2003 2891 2222 2942 sebbene
2263 2891 2356 2943 cio

443 2978 600 3028 abbia
625 2995 656 3027 a
681 2979 806 3028 dirsi
834 2977 1010 3030 decere
1036 2996 1098 3030 em
1123 2977 1406 3031 chardtate.

586 3063 653 3112 Al
703 3065 922 3114 secondo
972 3064 1169 3115 dubbio
1218 3065 1271 3114 la
1317 3065 1542 3132 risposta
1589 3064 1619 3116 ὲ
1661 3062 2007 3125 affermativa‚
2056 3061 2167 3112 cioe
2217 3060 2356 3112 deve

445 3148 715 3198 osservarsi
740 3148 781 3197 il
813 3149 1075 3200 Rescritto
1099 3149 1186 3200 del
1216 3151 1282 3199 14
1305 3148 1502 3211 Marzo‚
1531 3145 1686 3199 1847.
1761 3146 1881 3197 Una
1919 3146 2069 3215 legge
2110 3145 2349 3214 generale

444 3232 629 3282 infatti
670 3250 776 3283 non
818 3234 1009 3302 deroga
1050 3236 1159 3285 mai
1200 3235 1266 3285 ne
1306 3234 1407 3284 alle
1445 3233 1589 3303 leggi
1631 3232 1866 3300 speciali,
1889 3233 1955 3287 ne
1980 3248 2013 3281 a
2047 3229 2349 3298 particolari

447 3317 656 3380 statuti,
700 3335 753 3368 se
801 3318 1008 3369 almeno
1049 3321 1109 3369 in
1149 3319 1390 3389 generale
1436 3335 1544 3370 non
1590 3334 1659 3368 ne
1700 3317 1756 3367 fa
1793 3316 2084 3367 menzione.
2159 3314 2261 3366 Ora
2296 3314 2356 3364 la.

447 3397 805 3450 Costituzione
843 3397 1247 3452 Amantiss‘e’fmi
1286 3417 1394 3451 non
1432 3399 1540 3451 solo
1581 3415 1690 3450 non
1724 3398 1778 3448 fa
1801 3397 2071 3448 menzione
2096 3396 2153 3445 di
2178 3395 2264 3446 cio
2289 3395 2349 3445 in

449 3484 641 3517 veruna
683 3471 850 3536 guisa,
876 3488 964 3519 ma
1006 3475 1411 3537 espressamente
1453 3469 1703 3532 dichiara,
1729 3469 1824 3519 che
1848 3486 1900 3519 se
1943 3469 2130 3518 alcuno
2169 3485 2352 3520 avesse

448 3556 691 3602 ottenuto
730 3553 950 3619 qualche
993 3555 1219 3618 indulto,
1244 3559 1429 3623 questo
1470 3572 1563 3622 per
1586 3554 1639 3604 la
1662 3554 1813 3604 detta
1849 3551 2206 3604 Costituzione
2239 3569 2347 3604 non

449 3635 615 3686 debba
640 3636 927 3688 intendersi
952 3640 1241 3692 annullato,

591 3720 668 3771 La
709 3722 931 3788 risposta
968 3723 1021 3773 al
1059 3728 1198 3775 terzo
1234 3725 1433 3776 dubbio
1456 3725 1484 3776 ὲ
1510 3723 1570 3774 N
1564 3720 1768 3790 cyative
1787 3743 1803 3774 .·
1841 3723 1950 3774 cioe
1975 3723 1996 3773 i
2020 3721 2347 3772 Missionarii

448 3803 656 3855 Rettori
698 3806 756 3855 in
798 3806 1115 3875 Inghilterra
1140 3826 1246 3860 non
1271 3826 1395 3860 sono
1419 3809 1631 3860 astretti
1655 3808 1723 3859 da
1747 3808 1935 3859 alcuna
1959 3806 2351 3875 propriamente
