2534 4374
1070 498 1347 542 DEcRErA.
2073 484 2154 543 29

254 653 318 701 et
343 627 670 701 credentium
697 646 1063 711 multitudine,
1088 644 1341 697 dilatabit
1365 643 1540 696 locum
1568 643 1784 695 tentorii
1810 644 1910 708 sui,
1928 648 1983 696 et
2001 644 2164 712 pelles

258 734 716 785 tabernaculorum
736 733 1001 785 extendet.
1065 729 1201 801 (Ιεα.
1221 741 1350 795 LIV„
1377 728 1454 799 2.)
1527 729 1766 780 Maxima
1786 730 1953 799 igitur
1972 729 2165 780 sollici-

261 819 450 870 tudine
475 835 654 870 omnes
678 818 789 886 qui,
815 818 872 869 in
899 815 1180 869 excolenda
1209 814 1426 867 Domini
1452 814 1623 878 vinea,
1647 813 1798 865 nobis
1828 813 2163 876 collaborant,

261 905 553 967 hortamur,
578 908 660 968 ut,
683 907 931 954 nascente
959 901 1076 970 jam
1102 918 1237 952 novo
1262 917 1434 951 rerum
1471 900 1941 952 ecclesiasticarum
1968 900 2165 962 ordine,

262 995 577 1042 renoventur
603 990 794 1059 spiritu
827 988 1024 1040 mentis
1058 1005 1197 1051 suae,
1231 987 1598 1038 resuscitantes
1634 986 1861 1055 gratiam
1894 985 1991 1036 Dei
2031 1002 2163 1053 quae

259 1081 343 1127 est
378 1076 437 1127 in
473 1075 621 1144 ipsis,
646 1092 736 1143 per
769 1074 1165 1142 impositionem
1200 1088 1454 1122 manuum
1487 1075 1797 1121 nostrarum.
1878 1068 2040 1139 (Eplz.
2069 1083 2162 1133 IV„

260 1159 378 1230 23.)
452 1159 597 1222 Quae
623 1177 745 1229 ergo
771 1163 1061 1227 sequuntur
1085 1161 1326 1208 accurate
1352 1155 1668 1207 observanda
1693 1154 2038 1206 decernimus.

411 1255 458 1304 1.
508 1252 830 1303 Abstineant
879 1250 1165 1302 sacerdotes
1213 1265 1246 1299 a
1294 1246 1606 1316 spectaculis
1656 1247 1766 1298 viro
1815 1246 2163 1298 ecclesiastico

261 1336 517 1407 indignis,
542 1353 574 1387 a
598 1335 878 1387 vena-tione
903 1334 1188 1385 clamorosa
1212 1349 1347 1400 quae
1373 1348 1508 1398 equo
1532 1336 1588 1381 et
1613 1330 1829 1381 canibus
1853 1330 1935 1393 fit,
1960 1348 1991 1382 a
2028 1332 2162 1399 pub-

263 1422 382 1473 licis
406 1421 623 1484 choreiS,
649 1420 717 1471 ab
741 1419 948 1470 illicitis
973 1419 1132 1482 ludis,
1156 1422 1212 1469 et
1248 1435 1280 1469 a
1317 1417 1784 1469 comessationibus
1826 1433 1961 1484 quae
2003 1434 2165 1485 usque

257 1507 330 1558 ad
372 1507 750 1574 intempestam
791 1507 1004 1556 noctem
1053 1502 1432 1571 protrahuntur
1475 1498 1652 1570 (To-id.
1698 1517 1814 1552 sess,
1859 1513 2038 1564 XXIV„
2087 1501 2166 1554 De

263 1589 531 1660 Reform„
560 1589 718 1643 Oonc.
745 1587 909 1641 Prov.
936 1586 1163 1640 Mediol.
1191 1587 1260 1658 Ι.)

406 1684 457 1733 2.
495 1681 844 1733 Prohibemus
887 1681 1144 1744 districte,
1192 1696 1260 1731 ne
1307 1679 1649 1730 ecclesiastici
1694 1679 1850 1730 sacris
1899 1679 2167 1730 ordinibus

262 1767 489 1831 initiati,
515 1768 734 1818 scenicis
760 1766 1073 1834 spectaculis
1099 1765 1158 1816 in
1182 1764 1410 1833 publicis
1436 1765 1657 1815 theatris
1694 1764 1961 1827 intersint,
1998 1764 2169 1831 impo-

262 1858 447 1905 nentes
473 1852 935 1920 transgressoribus
960 1867 1184 1919 poenam
1210 1850 1562 1919 suspensionis
1599 1852 1713 1918 ipso
1739 1850 1879 1901 facto
1903 1850 2169 1901 incurren-

263 1939 406 2002 dam,
449 1939 704 1989 hactenus
746 1937 945 2006 ubique
988 1937 1047 1988 in
1086 1937 1282 2005 Anglia
1324 1937 1615 2008 vigentem,
1659 1953 1781 1987 cum
1824 1935 2168 1986 reservatione

263 2024 553 2092 respectivo
581 2021 872 2074 ordinario,

409 2117 459 2167 3.
510 2114 576 2165 Ι11
613 2114 858 2165 domibus
895 2113 1227 2165 sacerdotum
1266 2113 1491 2181 simplex
1531 2114 1804 2182 splendeat
1846 2114 2167 2165 mundities:

261 2218 434 2270 neque
457 2202 515 2252 in
541 2200 868 2269 supellectile
891 2217 1023 2252 neve
1048 2201 1106 2250 in
1133 2204 1337 2263 ornatU,
1363 2199 1569 2268 aliquid
1594 2200 1745 2250 luxui
1772 2199 1852 2250 vel
1891 2199 2170 2249 mundanis

230 2314 233 2317 ⁴
263 2285 541 2338 affectibus
557 2287 844 2337 inserviens
860 2285 1297 2354 deprehendatur.
1337 2285 1606 2355 Imagines
1621 2285 1849 2336 ludicras
1866 2289 1920 2335 et
1935 2284 2170 2345 insulsas,

263 2370 459 2422 aliasve
485 2371 741 2423 sacerdoti
767 2387 872 2422 non
900 2371 1289 2434 convenientes,
1326 2387 1450 2438 prae
1476 2370 1642 2422 oculis
1680 2364 1747 2421 ne
1784 2369 2045 2430 habeant3
2084 2370 2170 2420 sed

265 2457 337 2507 sit
361 2456 419 2506 in
443 2472 759 2523 unoquoque
785 2454 1028 2506 cubiculo
1054 2456 1233 2525 imago
1258 2455 1476 2506 Domini
1501 2455 1737 2506 crucifixi
1775 2454 1859 2506 vel
1897 2454 2171 2506 Sanctissi-

265 2558 382 2592 mae
430 2540 531 2592 Dei
577 2540 883 2604 GenitriciS,
928 2545 1294 2592 sanctorumve
1343 2540 1559 2609 effigies,
1609 2541 1692 2592 vel
1742 2541 1954 2592 tabulae
2003 2541 2168 2591 vitam

255 2626 570 2691 'SalvatoriS,
596 2627 680 2678 vel
706 2643 904 2678 sacram
929 2626 1207 2678 historiam
1232 2626 1575 2677 illustrantes.

409 2723 461 2771 4.
511 2720 766 2771 Famulae
806 2736 938 2788 quae
982 2719 1111 2787 ipsis
1155 2720 1389 2770 serviunt
1431 2719 1540 2770 sint
1582 2718 1919 2786 provectioris
1962 2718 2170 2781 aetatis,

264 2806 542 2869 modestia,
580 2805 881 2873 prudentia,
924 2806 1170 2873 vitaeque
1213 2804 1452 2856 iHibatae
1493 2804 1850 2872 experimento
1890 2803 2169 2871 probatae3

263 2895 332 2942 ut
355 2907 619 2942 canonum
645 2891 941 2941 sanctiones
967 2894 1252 2941 serventur.

410 2985 463 3036 5.
513 2983 1003 3034 Ecclesiasticorum
1039 2982 1270 3033 virorum
1305 2986 1476 3034 vestes
1501 2982 1634 3034 tales
1657 3000 1766 3034 esse
1791 2983 2001 3046 debent,
2037 3000 2168 3051 quae

252 3074 323 3122 -et
346 3086 379 3120 a
400 3068 551 3120 laicis
574 3086 660 3120 eos
685 3069 900 3119 omnino
926 3068 1242 3130 discernant,
1269 3072 1325 3118 et
1348 3072 1529 3119 tamen
1557 3086 1677 3119 cum
1698 3069 1952 3120 ministris
1972 3068 2172 3120 hetero-

267 3155 416 3206 doxis
456 3170 563 3204 non
606 3153 950 3204 confundant.
1026 3151 1146 3203 Sint
1197 3169 1318 3221 ergo
1361 3153 1501 3223 nigri
1546 3154 1629 3205 vel
1674 3154 1911 3222 subnigri
1955 3155 2170 3216 coloris;

266 3256 438 3308 neque
463 3239 561 3291 sub
585 3239 790 3290 itineris
814 3242 1092 3307 praetextu
1116 3238 1183 3288 ad
1208 3238 1561 3307 ignominiam
1589 3239 1865 3290 saecularis
1890 3239 2119 3303 habitus,
2140 3258 2171 3291 a

254 3342 374 3393 quo
398 3326 565 3393 erepti
591 3325 822 3387 fuerunt,
848 3323 1023 3375 clerici
1048 3326 1392 3400 revertantur.
1466 3324 1714 3374 Formam
1739 3324 1889 3374 illam
1909 3341 2172 3375 commen-

266 3408 476 3474 damus,
519 3426 671 3477 quae,
714 3408 898 3477 paucis
940 3407 1008 3458 ab
1050 3408 1175 3458 hinc
1212 3408 1382 3471 annis,
1418 3425 1450 3458 a
1486 3408 1622 3459 clero
1656 3408 1903 3459 saeculari
1937 3408 2170 3460 adhiberi

256 3495 465 3563 --coepit.
539 3494 700 3544 Domi
725 3510 862 3556 vem,
888 3491 1134 3543 habitum
1159 3491 1397 3555 talarem,
1423 3492 1524 3555 vel,
1551 3493 1594 3543 si
1620 3494 1789 3560 magis
1826 3493 2016 3560 placet,
2049 3511 2170 3544 eum

255 3581 366 3647 ›qui
389 3577 639 3630 zimarra
663 3577 982 3646 appellatur,
1007 3594 1131 3627 cum
1155 3577 1342 3640 bireto,
1360 3578 1577 3628 induere
1601 3595 1687 3628 eos
1712 3579 1942 3629 maxime
1969 3579 2134 3629 decet.

420 3671 469 3723 6.
522 3669 626 3722 Sed
650 3687 771 3720 cum
796 3669 1059 3737 peculiare
1086 3669 1293 3737 insigne
1317 3669 1442 3719 cleri
1468 3669 1715 3720 catholici
1741 3687 1831 3738 per
1857 3675 2031 3720 totum
2068 3671 2172 3720 fere

259 3757 452 3808 orbem
495 3756 569 3807 sit
610 3755 797 3807 collare
841 3755 982 3823 quod
1024 3754 1323 3806 Romanum
1366 3754 1525 3822 vulgo
1559 3755 1771 3817 dicitur,
1797 3771 2021 3822 cumque
2055 3754 2171 3821 jam

271 3843 412 3893 inter
432 3858 527 3893 nos
553 3842 719 3893 etiam
743 3858 775 3892 a
799 3841 1215 3910 protestantibus
1251 3858 1345 3909 pro
1382 3841 1479 3891 tali
1506 3840 1859 3910 dignoscatur,
1886 3839 2014 3907 quin
2052 3856 2174 3889 con-
