2534 4374
457 430 577 488 142
1022 449 1186 491 00110.
1233 451 1397 492 PRov.
1442 450 1666 494 WESTM.
1713 453 1778 495 11.

1117 595 1519 648 DECRETUM
1555 597 1683 649 VII.

1177 695 1337 748 Festa
1373 696 1442 747 M
1439 695 1627 749 obuia.

592 804 746 855 Feria
781 804 877 855 VI.
916 808 1036 871 post
1075 804 1229 855 Dom.
1267 803 1541 873 Septuag„
1578 803 1843 856 Orationis
1884 805 1950 856 D.
1993 805 2062 857 N.
2105 806 2158 858 J.
2205 805 2261 859 C.
2295 807 2353 858 in

451 891 636 942 Monte
664 890 879 953 oliveti,
906 889 1054 957 dupl.
1081 890 1208 957 maj.

592 981 748 1031 Feria
774 980 869 1030 VI.
895 984 1017 1047 post.
1035 979 1191 1029 Dom.
1212 977 1419 1047 Sexag.‚
1439 977 1702 1029 Passionis
1721 979 1787 1030 D.
1808 979 1876 1031 N.
1896 979 1948 1032 J.
1967 980 2045 1044 C.,
2060 981 2206 1048 dupl.
2228 981 2356 1049 maj.

593 1066 746 1116 Feria
763 1065 859 1115 VI.
876 1068 998 1132 post
1011 1064 1167 1115 Dom.
1185 1063 1399 1131 Quinq„
1417 1062 1510 1115 SS.
1533 1063 1759 1132 Spineae
1775 1063 2004 1116 Coronae
2029 1065 2097 1117 D.
2117 1067 2186 1117 N.
2206 1066 2257 1117 J.
2279 1065 2360 1130 C.,

448 1152 594 1219 dupl.
621 1151 747 1218 maj.

592 1236 751 1287 Feria
787 1235 883 1286 VI.
910 1239 1032 1303 post,
1056 1234 1102 1286 I.
1127 1233 1285 1286 Dom.
1313 1233 1595 1305 Quadrag.,
1613 1234 1695 1287 De
1719 1235 1902 1288 lancea
1927 1241 1983 1288 et
2007 1237 2169 1288 clavis
2195 1237 2258 1288 D.
2286 1235 2352 1288 N.

448 1321 499 1373 J.
528 1321 604 1385 C.,
630 1321 778 1389 dupl.
804 1321 931 1389 maj.

592 1407 750 1458 Feria
774 1406 870 1458 VI.
896 1410 1018 1472 post
1043 1405 1121 1457 II.
1148 1405 1304 1458 Dom.
1343 1404 1625 1474 Quadrag„
1651 1405 1704 1458 S.
1741 1405 1989 1459 Sindonis
2013 1407 2079 1458 D.
2104 1406 2174 1459 N.
2198 1407 2252 1459 J.
2279 1405 2362 1470 C.,

449 1492 596 1559 dupl.
623 1491 750 1560 maj.

593 1576 748 1627 Feria
771 1575 867 1627 VI.
893 1579 1014 1644 post
1039 1575 1148 1627 III.
1175 1575 1330 1628 Dom.
1358 1575 1638 1646 Quadrag.,
1666 1575 1759 1628 SS.
1798 1577 2034 1645 quinque
2070 1577 2357 1646 Plagarum

449 1663 514 1713 D.
542 1662 610 1713 N.
638 1661 689 1713 J.
719 1661 794 1725 C.,
820 1661 967 1729 dupl.
993 1661 1120 1730 maj.
2326 1648 2331 1652 ¹

594 1747 750 1798 Feria
789 1747 884 1797 VI.
910 1751 1031 1814 post
1068 1746 1162 1797 IV.
1200 1745 1356 1797 Dom.
1383 1745 1626 1815 Qadrag„
1652 1746 2026 1799 Pretiosissimi
2070 1747 2362 1817 Sanguinis

451 1834 515 1884 D.
541 1832 609 1884 N.
636 1833 689 1883 J.
718 1831 795 1895 C.,
821 1831 969 1899 dupl.
996 1831 1124 1899 maj.
1464 1878 1466 1880 .

594 1916 875 1967 Dominica
911 1916 1021 1968 III.
1046 1920 1167 1984 post
1204 1915 1441 1980 Pascha„
1477 1916 1772 1968 Patrocinii
1809 1916 1864 1969 S.
1890 1917 1925 1969 J
1927 1916 2144 1986 osephi„
2171 1918 2297 1986 dup.
2323 1920 2360 1968 2

452 2003 644 2054 classiS.
2255 2049 2257 2052 ⁴

595 2088 876 2139 Dominioa
923 2093 1045 2157 post
1093 2087 1212 2141 oet.
1265 2087 1503 2157 Corporis
1542 2086 1757 2152 Christi,
1799 2087 2134 2140 Sanctissimi
2176 2089 2363 2142 Cordis

451 2173 517 2224 D.
543 2173 613 2224 N.
639 2173 692 2224 J.
721 2173 797 2237 C.,
823 2174 971 2241 dupl.
997 2173 1125 2242 maj.

593 2259 749 2310 Dom.
777 2259 854 2311 II.
883 2258 1115 2323 Octobr„
1138 2259 1503 2310 Maternitatis
1529 2259 1592 2311 B.
1611 2259 1677 2311 V.
1697 2259 1794 2324 M.‚
1819 2259 1968 2327 dupl.
1995 2260 2122 2328 maj.

594 2344 750 2395 Dom.
777 2345 888 2396 III.
917 2343 1144 2409 Octobr„
1172 2345 1434 2417 Buritatis
1458 2343 1522 2395 B.
1548 2344 1613 2395 V.
1639 2343 1738 2407 M.‚
1761 2344 1911 2412 dupl.
1937 2344 2065 2412 maj.

594 2429 750 2481 Dom.
777 2430 874 2481 IV.
901 2427 1132 2493 Octobr„
1158 2429 1450 2481 Patrocinii
1474 2429 1538 2482 B.
1564 2430 1630 2481 V.
1655 2430 1754 2493 M.‚
1779 2430 1927 2498 dupl.
1953 2431 2082 2498 maj.

597 2514 834 2584 Singulis
882 2532 1004 2566 vero
1047 2515 1191 2566 feriis
1230 2516 1452 2583 quintiS,
1495 2522 1552 2566 et
1593 2513 1839 2566 Sabbatis
1880 2532 1973 2583 per
2013 2532 2215 2567 annum
2251 2532 2360 2567 non

452 2601 725 2668 impeditis
770 2599 1020 2651 Officium
1063 2598 1158 2651 SS.
1199 2598 1530 2651 Sacramenti
1581 2603 1638 2650 et
1675 2597 2047 2667 Conceptionis
2083 2599 2146 2652 B.
2181 2600 2261 2651 M.
2287 2601 2352 2651 V.

451 2687 758 2753 respective,
797 2689 955 2753 prout
994 2685 1225 2736 alumnis
1268 2685 1482 2754 collegii
1523 2684 1816 2754 Anglorum
1854 2685 2197 2737 missionariis
2234 2703 2364 2737 oon-

453 2785 657 2819 cessum
682 2769 805 2831 fuit,
830 2769 941 2819 ritu
965 2767 1319 2835 semiduplici.

594 2853 798 2904 Datum
836 2852 1036 2904 Romae
1070 2868 1135 2903 ex
1158 2852 1391 2904 Aedibus
1421 2853 1597 2904 diotae
1623 2851 1677 2903 S.
1705 2850 1781 2915 C.,
1807 2853 1895 2903 die
1918 2857 1975 2904 et
1998 2870 2137 2905 anno
2163 2853 2362 2921 quibus.

454 2955 778 3061 Supraffiatis
804 3013 906 3060 etc.
1300 3008 1338 3060 J
1338 3020 1554 3060 omns
1589 3008 1897 3073 BRUNELLI,
1923 3007 2282 3062 Secretarius.

597 3095 660 3147 L.
687 3092 758 3165 ,χι
783 3094 836 3146 s.

1097 3202 1502 3256 DEGRETUM
1551 3203 1711 3254 vm.

814 3308 1004 3379 Officia
1028 3309 1087 3364 S.
1116 3306 1370 3376 Greyorii
1394 3307 1546 3374 May.
1573 3311 1622 3359 et
1656 3305 1786 3360 Ven.
1811 3306 2007 3360 Bedae.

598 3415 692 3467 SS.
735 3415 802 3467 D.
827 3415 897 3466 N.
924 3415 1056 3466 Pius
1092 3414 1202 3465 ΡΡ.
1229 3414 1330 3465 ΙΧ.
1376 3413 1605 3464 indulsit·
1651 3417 1717 3464 ut
1759 3413 1818 3463 in
1855 3413 2052 3481 Anglia
2099 3412 2355 3465 omervaxi

455 3505 629 3569 posset
654 3500 901 3552 Officium
927 3501 980 3552 S.
1009 3499 1252 3568 Gregorii
1275 3499 1483 3568 Magni,
1508 3499 1802 3569 Anglorum
1827 3500 2085 3567 Apostoli,
2112 3501 2211 3551 sub
2245 3501 2357 3552 ritu

455 3585 683 3653 duplicis
709 3585 966 3636 secundae
990 3584 1167 3635 classis
1187 3602 1201 3645 ;
1240 3588 1296 3635 et
1319 3583 1645 3634 Venerabilis
1671 3583 1845 3635 Bedae
1870 3585 1966 3635 sub
1990 3585 2100 3635 ritu
2125 3585 2353 3653 duplicis

455 3669 684 3737 majoriS,
727 3686 819 3736 per
858 3669 1172 3736 rescriptum
1209 3668 1318 3719 diei
1358 3670 1422 3718 18
1466 3667 1503 3719 J
1504 3668 1620 3731 ulii,
1661 3667 1816 3732 1847,
1852 3669 1994 3736 quod
2035 3668 2254 3721 habetur
2293 3670 2356 3720 in

458 3753 763 3822 Appendice
787 3753 946 3821 primi
973 3752 1197 3805 Concilii
1224 3753 1616 3816 Westmonast„
1641 3769 1692 3820 p.
1723 3755 1808 3804 91.
