2534 4374
542 483 791 527 APPEND.
842 484 904 526 11.
991 483 1283 527 sumnus
1327 483 1616 527 annorum.
1897 467 2019 532 279

133 648 342 702 sempor
382 633 548 684 antea
589 633 659 681 20
698 630 853 699 Maji,
898 633 1059 692 1850;
1100 632 1154 683 in
1201 631 1336 683 Litt.
1377 631 1560 700 Apost.
1598 628 1742 684 Cum
1765 630 2026 684 catholica

134 713 376 771 Ecclesia
409 715 477 767 26
515 715 696 778 Mart„
731 716 894 776 18603
939 717 996 767 in
1030 716 1195 768 Alloc.
1229 715 1408 769 Novo&
1447 718 1514 767 28
1555 715 1723 785 Sept„
1768 718 1928 776 1860;
1972 719 2026 767 in

132 802 296 856 Alloc.
320 798 684 854 medudum
712 802 776 852 18
808 800 989 865 Mart„
1019 802 1181 862 18613
1224 803 1282 854 in
1306 801 1472 854 Alloc.
1517 799 1772 854 Maxima
1799 799 2029 871 quidem

135 886 363 950 9Junfi,
394 884 577 954 1862.)

1016 1077 1041 1145 ς
1080 1077 1148 1129 Χ.

250 1228 478 1282 Errorcs
514 1226 618 1298 qui
651 1226 729 1280 ad
765 1226 1174 1282 liberalismum
1210 1228 1546 1286 hodiernum
1580 1231 1920 1302 referuntur.

267 1384 550 1436 LXXVII.
576 1384 768 1436 Aetate
786 1384 884 1435 hac
901 1389 1080 1437 nostra
1096 1402 1203 1437 non
1221 1386 1452 1454 amplius
1468 1388 1702 1455 expedit,
1720 1388 2027 1458 religionem

130 1469 444 1523 catholicam
482 1469 663 1521 haberi
707 1474 984 1538 tamquam
1027 1471 1243 1521 unicam
1287 1476 1457 1523 status
1496 1472 1821 1541 religionem,
1846 1474 2031 1524 ceteris

129 1556 546 1626 quibuscumque
571 1554 806 1606 cultibus
832 1555 1070 1607 exclusis·

385 1667 523 1708 Alloc.
545 1668 669 1709 Nemo
686 1672 857 1707 vestrum
876 1668 927 1707 26
946 1666 977 1707 J
978 1667 1071 1716 ulii,
1095 1668 1211 1709 1855.

271 1786 584 1837 LXXVIII.
634 1780 779 1836 Hinc
819 1785 1162 1837 laudabiliter
1203 1787 1262 1837 in
1303 1787 1621 1854 quibusdam
1656 1789 1905 1840 catholici
1938 1805 2032 1840 no-

129 1873 288 1924 minis
330 1872 632 1942 regionibus
674 1871 791 1940 lege
834 1874 1054 1922 cautum
1089 1874 1188 1933 est,
1226 1874 1291 1922 ut
1329 1870 1633 1922 hominibus
1668 1872 1797 1923 illuc
1848 1873 2031 1923 immi-

127 1958 404 2027 grantibus
463 1958 623 2009 liceat
688 1956 966 2025 publicum
1023 1955 1224 2024 proprii
1278 1955 1530 2024 cujusque
1598 1955 1771 2007 cultus
1823 1957 2030 2008 facilius

129 2043 440 2095 exercitium
476 2042 683 2094 habere.
1259 2098 1268 2107 ς

386 2151 524 2192 ΑΠοο.
546 2152 855 2192 Ambissimmn
874 2151 924 2194 27
945 2150 1216 2204 Septembris,
1241 2152 1357 2192 1852.

266 2266 524 2318 LXXIX.
575 2267 859 2318 Enimvero
899 2266 1093 2317 falsum
1133 2270 1235 2330 est,
1284 2266 1498 2318 civilem
1547 2267 1628 2335 cuj
1641 2285 1801 2336 usque
1850 2269 2024 2320 cultus

128 2348 446 2412 libertatem,
465 2349 702 2417 itemque
720 2348 935 2416 plenam
949 2352 1271 2416 potestatem
1286 2348 1530 2399 omnibus
1544 2350 1862 2401 attributam
1878 2368 2032 2418 quas-

127 2431 261 2483 libet
297 2431 571 2499 opiniones
605 2431 1061 2500 cogitationesque
1098 2430 1276 2498 palam
1312 2430 1630 2498 publiceque
1654 2432 2027 2483 manifestandi

128 2515 413 2565 conducere
437 2514 505 2564 ad
528 2513 845 2582 populorum
870 2530 1038 2564 mores
1062 2514 1370 2579 animosque
1395 2511 1605 2562 facilius
1629 2513 2031 2579 corrumpendos

129 2611 189 2647 ac
213 2595 642 2647 indifferentismi
666 2599 870 2663 pestem
894 2595 1307 2664 propagandam.

356 2704 495 2746 Alloc.
517 2706 733 2756 Nunquam
741 2704 837 2755 sore
858 2705 906 2745 15
925 2703 1186 2753 Decembris,
1207 2705 1326 2744 1856.

270 2822 496 2875 LXXX.
548 2822 818 2874 Romanus
848 2821 1100 2872 Pontifex
1123 2824 1302 2888 potest
1324 2837 1386 2871 ac
1411 2821 1570 2872 debet
1594 2838 1716 2872 cum
1741 2839 2030 2890 progressu,

129 2897 252 2955 cum
289 2904 610 2956 liberalismo
648 2907 706 2955 et
743 2920 866 2954 cum
907 2902 1109 2954 recenti
1152 2901 1416 2953 civilitate
1459 2919 1565 2954 sese
1603 2903 1935 2954 reconciliare
1974 2908 2031 2955 et

131 3002 455 3055 componere.

386 3097 523 3140 Alloc.
544 3098 785 3140 Iamdudum
802 3097 994 3138 cernimus
1015 3097 1065 3138 18
1084 3095 1248 3148 Martii,
1271 3097 1388 3140 1861.
