2534 4374
439 452 564 513 270
993 471 1157 517 conc,
1205 472 1371 515 Pnov.
1415 471 1639 516 wns'm.
1688 473 1766 516 IV.

575 614 756 665 XVII.
796 613 997 666 Saltem
1022 614 1155 665 bene
1179 615 1495 682 sperandum
1519 619 1600 666 est
1624 616 1698 667 'de
1733 620 1944 668 aeterna
1979 616 2192 668 illorum
2226 633 2341 669 om·
2382 631 2387 635 ·
2478 622 2486 683 j

431 697 584 748 nium
610 698 797 761 salute,
822 699 915 765 qui
940 699 999 748 in
1025 715 1145 750 vera
1171 697 1367 750 Christi
1394 699 1631 751 Ecclesia
1655 717 1989 769 nequaquam
2014 706 2300 755 versantur.

689 788 822 828 Alloc.
844 790 1052 839 Sinqulari
1070 791 1238 839 quadam
1257 791 1282 829 9
1301 788 1560 841 Decembris,
1588 791 1703 830 1854.

690 854 824 906 Epist.
843 854 1003 907 encycl.
1030 854 1183 901 Quanto
1196 857 1447 905 conjiciamur
1468 855 1516 899 17
1535 855 1740 908 Augusti,
1764 858 1882 898 1863.

574 951 785 1002 XVIII.
823 951 1291 1004 Protestantismus
1326 969 1434 1004 non
1469 953 1618 1004 aliud
1651 958 1733 1006 est
1764 971 1927 1022 quam
1958 955 2161 1007 diversa
2192 973 2341 1008 verae

425 1036 477 1103 *ej
485 1037 668 1086 usdem
694 1036 1009 1087 christianae
1032 1037 1304 1106 religionis
1328 1038 1513 1098 forma,
1537 1039 1597 1089 in
1620 1055 1726 1106 qua
1748 1055 1913 1107 aeque
1936 1056 1998 1091 ac
2020 1042 2081 1092 in
2105 1041 2340 1094 Ecclesia

426 1121 693 1172 catholica
717 1121 829 1172 Deo
854 1122 1058 1189 placere
1084 1123 1273 1173 datum
1297 1127 1395 1175 est.

686 1211 824 1264 Epist.
845 1212 1006 1265 encycl.
1025 1213 1201 1253 Noscitis
1219 1217 1257 1252 et
1274 1209 1485 1254 Nobiscum
1505 1215 1529 1253 8
1547 1213 1807 1266 Decembris,
1833 1217 1951 1256 1849.

1313 1385 1338 1447 ἓ
1362 1385 1456 1437 IV.

431 1511 816 1576 Socialismus‚
845 1511 1340 1575 Oommimismus,
1384 1510 1674 1564 societates
1718 1511 2126 1579 Olaudestinae,
2166 1515 2343 1569 Socie-

753 1602 888 1650 tates
911 1595 1172 1662 Biblicae,
1198 1596 1490 1654 Societates
1519 1595 2015 1651 Gloriae-liberales.

575 1727 853 1795 Ejusmodi
893 1731 1066 1794 pestes
1109 1742 1262 1793 saepe
1303 1725 1732 1794 gravissimisque
1774 1726 2050 1778 verborum
2098 1727 2337 1780 formulis

429 1813 769 1881 reprobantur
805 1813 863 1862 in
902 1811 1073 1879 Epist.
1115 1809 1311 1878 encycl.
1346 1806 1460 1873 Qui
1476 1808 1749 1878 pluribus
1775 1813 1807 1862 9
1832 1810 1886 1862 N
1887 1813 2137 1877 ovembr.,
2168 1814 2337 1874 1846:
2426 1851 2427 1854 ,
2478 1792 2489 1854 s

430 1900 487 1949 in
511 1898 678 1948 Alloc.
708 1894 923 1960 Quibus
948 1893 1285 1964 quantisque
1309 1896 1380 1944 20
1403 1894 1588 1963 April„
1618 1896 1789 1957 18493
1834 1896 1892 1946 in
1931 1897 2104 1965 Epist.
2139 1900 2339 1968 encycl.

429 1979 669 2034 Noscitis
703 1985 751 2032 et
789 1978 1089 2031 Nobiscum
1124 1982 1155 2030 8
1194 1978 1340 2041 Dec.‚
1380 1981 1551 2040 18493
1599 1981 1657 2030 in
1676 1980 1842 2031 Alloc.
1864 1978 2169 2048 Sinyulari
2195 1999 2333 2051 qua-

432 2066 567 2119 dam
619 2070 650 2118 9
683 2067 829 2129 Dec.‚
884 2067 1055 2117 1854:
1117 2065 1174 2115 in
1231 2064 1404 2132 Epist.
1456 2064 1653 2133 encycl.
1708 2063 1929 2129 Quanto
1978 2066 2343 2135 conficiamur

429 2169 671 2235 moerore
699 2153 765 2204 10
790 2151 1040 2220 Augusti,
1069 2150 1225 2202 1863.

1328 2301 1353 2364 g
1376 2301 1442 2354 V.

831 2429 1061 2481 Errorcs
1085 2426 1151 2479 de
1174 2425 1412 2479 Ecclesia
1445 2426 1669 2497 ejusque
1681 2426 1934 2496 juribus.

573 2557 730 2608 XIX.
770 2555 1005 2606 Ecclesia
1052 2570 1159 2605 non
1207 2558 1288 2605 est
1335 2570 1455 2605 vera
1510 2554 1844 2622 perfectaque
1903 2555 2125 2607 societas
2183 2555 2340 2624 plane

427 2644 612 2705 libera,
652 2658 750 2692 nec
791 2640 958 2707 pollet
1003 2639 1109 2689 suis
1151 2638 1375 2705 propriis
1419 2642 1476 2689 et
1518 2637 1882 2688 constantibus
1914 2638 2123 2705 juribus
2165 2640 2264 2690 sibi
2306 2656 2340 2690 a

430 2714 612 2780 divino
651 2743 744 2777 suo
775 2725 1051 2775 fundatore
1087 2722 1311 2786 collatiS,
1347 2723 1439 2774 sed
1475 2722 1648 2774 civilis
1685 2723 1967 2790 potestatis
2003 2727 2084 2775 est
2121 2724 2340 2775 definire

422 2830 564 2881 *quae
613 2813 721 2863 sint
768 2809 1035 2860 Ecclesiae
1073 2808 1199 2876 jura
1245 2824 1307 2858 ac
1355 2807 1574 2870 limites,
1621 2808 1764 2859 intra
1811 2823 1941 2876 quos
1990 2809 2174 2860 eadem
2213 2811 2338 2881 jura

424 2916 662 2951 exercere
685 2902 864 2966 queat.

685 2988 822 3028 Alloc.
845 2987 1053 3038 Sinqulari
1071 2987 1238 3037 quadam
1258 2987 1282 3025 9
1301 2984 1561 3036 Decembris,
1586 2987 1704 3026 1854.

685 3054 821 3095 Alloc.
842 3054 990 3093 Multis
1004 3052 1264 3104 qravibusque
1285 3051 1332 3094 17
1352 3051 1610 3101 Decembris,
1634 3054 1751 3093 1860.

686 3121 822 3161 Alloc.
845 3121 1027 3160 Maxima
1044 3119 1198 3169 quidem
1218 3120 1242 3157 9
1261 3117 1398 3167 Junii,
1424 3119 1541 3158 1862.

570 3219 694 3269 XX.
733 3215 1100 3267 Ecclesiastica
1123 3217 1354 3281 potestas
1379 3229 1529 3263 suam
1553 3214 1927 3266 auctoritatem
1960 3231 2194 3267 exercere
2225 3233 2332 3267 non

425 3306 587 3357 debet
610 3304 804 3370 absque
829 3300 1002 3352 civilis
1025 3299 1267 3369 gubemii
1292 3298 1446 3349 venia
1471 3301 1527 3348 et
1551 3315 1779 3350 assensu.

683 3391 816 3432 Alloc.
841 3391 1027 3430 Meminit
1043 3389 1306 3441 unusquisque
1325 3389 1376 3426 30
1395 3386 1666 3439 Septembris,
1693 3389 1810 3427 1861.

571 3488 726 3539 XXI.
764 3485 1000 3537 Ecclesia
1023 3501 1131 3536 non
1154 3483 1318 3535 habet
1346 3486 1669 3550 potestatem
1698 3482 1999 3551 dogmatice
2028 3483 2333 3550 definiendi,

424 3574 734 3643 religionem
759 3571 1047 3622 catholicae
1073 3568 1342 3634 Ecclesiae
1365 3584 1472 3618 esse
1494 3568 1649 3617 unice
1673 3583 1852 3638 veram
1874 3567 2204 3637 religionem.

686 3658 792 3699 Litt.
815 3658 964 3711 Apost.
987 3657 1234 3706 Multiplices
1247 3657 1354 3695 inter
1374 3656 1423 3694 10
1444 3653 1583 3705 Junii,
1608 3654 1725 3694 1851.
