2534 4374
421 408 546 471 338
990 427 1147 471 cone.
1191 428 1357 471 PRov.
1400 428 1621 470 wner.
1665 428 1743 470 1v.

416 592 585 639 mum,
609 576 942 643 tenebrisque
974 580 1156 628 coacta
1187 577 1246 626 in
1279 591 1613 626 communem
1648 575 1839 628 exinde
1875 575 2165 644 perniciem
2206 576 2326 627 reli-

411 657 608 726 gionis,
633 659 998 724 humanaeque
1022 657 1290 709 societatis
1314 656 1507 724 erupit.
1583 654 1745 724 Cujus
1773 657 1994 709 insidias
2026 675 2089 709 ac
2121 659 2328 709 fraudes

418 742 513 792 ubi
554 742 788 810 primum
830 742 1140 793 detexerunt
1184 741 1604 793 Praedecessores
1646 740 1830 792 Nostri
1874 741 2102 793 Romani
2143 742 2330 794 Ponti-

418 826 559 890 ficeS,
606 826 881 895 pastoralis
941 826 1102 878 officii
1162 843 1420 878 memores
1478 826 1617 876 nihil
1664 843 1840 878 morae
1888 827 2330 895 interponendum

418 913 809 976 existimarunt,
839 913 1122 980 quominus
1159 915 1357 963 sectam
1389 910 1541 961 illam
1575 911 1740 963 scelus
1772 911 2128 977 anhelantem,
2157 912 2331 975 multa

414 1013 482 1047 ac
528 998 728 1047 nefaria
775 998 852 1048 rei
901 1013 1071 1048 sacrae
1119 1001 1176 1048 et
1222 996 1465 1065 publicae
1512 996 1825 1049 molientem
1873 998 2191 1048 auctoritate
2238 1014 2332 1048 sua

418 1085 728 1146 coercerent,
761 1098 823 1133 ac
860 1082 1218 1134 damnationis
1255 1083 1521 1133 sententia
1562 1086 1839 1150 tamquam
1869 1083 2050 1151 jaculo
2089 1083 2333 1134 confode-

418 1170 536 1217 rent
584 1170 640 1217 et
687 1165 1046 1234 profligarent.
1147 1167 1431 1218 Enimvero
1493 1165 1735 1220 Clemens
1783 1168 1917 1219 XII.
1967 1168 2335 1220 Praedecessor

422 1252 615 1303 Noster
655 1252 974 1319 Apostolicis
1035 1252 1143 1303 suis
1203 1251 1426 1303 Litteris
1475 1253 1717 1303 eamdem
1767 1256 1966 1304 sectam
2013 1253 2334 1320 proscripsit,

421 1337 739 1404 reprobavit,
763 1354 825 1387 ac
849 1336 1029 1388 fideles
1061 1337 1327 1387 universos
1359 1336 1428 1388 ab
1460 1336 1556 1387 illa
1588 1338 1787 1388 nedum
1821 1338 2070 1401 ineunda,
2096 1338 2188 1389 sed
2213 1355 2334 1388 vero

414 1422 586 1472 etiam
626 1423 811 1489 quovis
851 1423 1010 1474 modo
1051 1421 1405 1490 promovenda
1435 1422 1778 1491 juvandaque
1820 1423 2094 1486 deterruit,
2130 1423 2336 1477 indicta

416 1507 983 1558 excommunicationis
1030 1523 1201 1574 poena
1248 1507 1366 1575 ipso
1414 1507 1557 1558 facto
1605 1508 1935 1572 incurrenda,
1985 1512 2043 1560 et
2089 1525 2184 1576 per
2231 1508 2336 1559 Ro-

423 1609 644 1642 manum
669 1592 951 1643 dumtaxat
975 1591 1295 1643 Pontificem
1318 1592 1613 1644 relaxanda.
1688 1593 1861 1654 Quam
1886 1612 2036 1662 porro
2051 1594 2257 1662 justam
2275 1611 2337 1644 ac

423 1677 661 1728 debitam
683 1677 1062 1749 *damnationis
1101 1678 1421 1728 sententiam
1464 1677 1784 1729 Benedictus
1824 1680 1975 1731 XIV.
2017 1681 2165 1731 edita
2203 1678 2339 1732 Con-

424 1762 706 1812 stitutione
756 1762 1108 1826 confirmavit,
1153 1779 1492 1831 summosque
1533 1761 1830 1815 Catholicos
1874 1765 2146 1833 Principes
2194 1765 2338 1815 haud

424 1848 655 1899 excitare
697 1849 1069 1916 praetermisit,
1112 1851 1177 1898 ut
1219 1848 1288 1899 ad
1330 1847 1727 1899 convellendam
1775 1850 2188 1917 perditissimam
2231 1867 2340 1901 sec-

426 1937 560 1997 tam,
585 1937 641 1984 et
664 1950 696 1984 a
719 1933 990 1984 communi
1013 1933 1247 2001 periculo
1271 1933 1679 2001 propulsandam
1703 1934 1837 1985 vires
1871 1951 2051 1986 omnes
2085 1950 2339 2002 curasque

424 2015 736 2065 conferrent.
809 2014 985 2082 Atque
1019 2015 1231 2065 utinam
1269 2015 1501 2082 supremi
1534 2015 1698 2080 iidem
1738 2015 2009 2082 Principes
2046 2015 2338 2067 Decessoris

429 2099 610 2150 Nostri
642 2099 856 2149 vocibus
889 2116 1038 2149 aures
1070 2098 1461 2166 praebuissent3
1506 2099 1719 2150 utinam
1751 2100 1810 2149 in
1850 2117 2006 2151 causa
2038 2104 2152 2150 tam
2189 2100 2340 2169 gravi

430 2202 536 2235 non
594 2184 861 2234 remissius
919 2185 1180 2252 egissent:
1242 2200 1518 2251 nunquam
1567 2188 1709 2234 certe
1758 2185 1981 2234 fuissent
2030 2185 2337 2252 deplorandi
2381 2238 2383 2240 ,

429 2274 608 2322 nostra
642 2274 958 2337 patrumque
994 2270 1248 2320 memoria
1288 2270 1430 2320 tanti
1470 2269 1794 2320 seditionum
1827 2275 2021 2334 motuS,
2046 2275 2200 2322 tanta
2230 2270 2342 2322 bel-

432 2356 602 2407 lorum
662 2355 924 2418 incendia,
969 2354 1162 2422 quibus
1224 2354 1435 2421 Europa
1482 2355 1725 2405 universa
1774 2354 2137 2424 conflagravit,
2186 2360 2340 2406 tanta

430 2440 661 2506 denique
699 2439 960 2490 malorum
998 2439 1269 2501 acerbitas,
1307 2438 1498 2506 quibus
1540 2438 1799 2489 afflictata
1837 2444 1934 2502 est,
1971 2444 2131 2507 atque
2168 2441 2341 2491 adhuc

434 2524 723 2576 afflictatur
747 2524 1000 2575 Ecclesia.
1072 2524 1109 2575 J
1110 2541 1319 2575 amvero
1352 2540 1519 2591 quum
1552 2524 1911 2591 improborum
1943 2525 2085 2575 furor
2116 2526 2341 2575 minime

431 2611 837 2678 conquiesceret,
874 2625 1051 2659 recens
1098 2613 1269 2659 ortam
1320 2607 1798 2660 Carbonariorum
1840 2614 2035 2660 sectam
2077 2612 2136 2660 in
2178 2610 2340 2660 Italia

435 2695 744 2764 praesertim
804 2693 960 2762 longe
1019 2693 1230 2761 lateque
1290 2698 1636 2762 propagatam
1690 2693 1819 2745 Pius
1867 2693 1993 2743 VII.
2046 2694 2342 2745 Praecessor

435 2781 628 2832 Noster
652 2779 991 2829 anathemate
1014 2778 1274 2846 perculit3
1310 2779 1528 2846 parique
1556 2779 1799 2829 incensus
1832 2779 2130 2829 animarum
2165 2779 2341 2829 studio

440 2867 546 2917 Leo
606 2864 739 2914 XII.
801 2868 920 2913 tum
981 2864 1280 2931 superioreS,
1339 2880 1467 2931 quas
1527 2864 1931 2932 memoravimus
1992 2863 2342 2913 clandestinas

441 2951 734 3012 societateS,
794 2952 912 2998 tum
972 2965 1330 3016 quascumque
1397 2948 1527 2998 alias
1595 2947 1780 3015 quovis
1850 2949 2066 2999 tandem
2126 2947 2342 2999 nomine
2419 3011 2423 3013 Β

435 3035 746 3104 appellataS,
761 3050 893 3100 quae
918 3037 1100 3083 contra
1124 3033 1436 3095 Ecclesiam,
1453 3032 1770 3100 civilemque
1794 3037 2114 3100 potestatem
2138 3034 2343 3100 conspi-

438 3125 631 3182 rarent,
673 3118 992 3186 Apostolicis
1041 3118 1148 3168 suis
1191 3117 1412 3168 Litteris
1453 3118 1841 3180 condemnavit,
1881 3123 2043 3184 atque
2086 3118 2342 3168 universis

438 3205 682 3256 fidelibus
731 3203 828 3254 sub
874 3203 1182 3271 gravissima
1231 3202 1791 3253 excommunicationis
1838 3219 2005 3269 poena
2052 3203 2340 3270 prohibuit.

441 3292 696 3341 Attamen
737 3290 978 3357 impensa
1019 3289 1148 3339 haec
1189 3287 1522 3354 Apostolicae
1570 3286 1720 3337 Sedis
1770 3288 1948 3338 studia
1997 3288 2138 3338 haud
2186 3288 2343 3338 illum

444 3376 742 3426 habuerunt
801 3374 1025 3437 exitum,
1086 3373 1181 3441 qui
1240 3373 1429 3422 fuisset
1488 3372 1858 3438 expectandus.
1957 3372 2140 3440 Neque
2199 3373 2343 3423 enim

439 3461 663 3523 domita,
690 3464 746 3510 et
773 3459 1008 3510 cohibita
1043 3473 1279 3524 unquam
1309 3460 1390 3507 est
1419 3453 1737 3506 Massonica
1766 3456 1912 3519 haec,
1937 3457 2003 3507 de
2036 3474 2141 3523 qua
2174 3457 2344 3524 loqui·-

444 3561 579 3607 mur,
605 3548 763 3607 secta,
788 3561 970 3595 verum
1002 3543 1083 3594 ita
1115 3543 1272 3610 longe
1300 3541 1514 3608 lateque
1553 3540 1763 3603 diffusa,
1796 3544 1859 3590 ut
1896 3541 2208 3593 difficillimo
2246 3541 2344 3592 hoc

442 3633 681 3697 tempore
715 3629 1038 3697 ubicumque
1069 3628 1317 3696 gentium
1349 3627 1569 3694 impune
1601 3642 1655 3676 se
1681 3626 1873 3694 jactet,
1896 3631 2058 3693 atque
2096 3627 2345 3677 audacius
