2534 4374
995 489 1270 534 nEcRs‘rA.
1953 469 2069 533 171

174 643 382 710 spectat
422 640 491 691 ad
536 638 869 692 Conventum
893 637 1275 706 Episcoporum
1301 636 1360 687 in
1384 652 1445 687 eo
1470 635 1721 687 interesse
1754 632 2086 697 habentium,

173 725 376 778 scilicet
399 725 467 776 ad
504 724 974 792 Archiepiscopum
999 721 1631 783 westmonasteriensem,
1666 723 1723 771 et
1759 718 2084 786 Episcopum

173 808 626 862 Suthwarcensem
649 825 743 877 pro
770 806 1003 876 Collegio
1029 804 1083 859 S.
1105 805 1380 857 Edmundi
1398 805 1457 856 in
1476 804 1716 856 Dioecesi
1731 802 2087 854 Westmonas-

173 894 388 947 teriensi
421 895 629 963 posito;
666 894 735 946 ad
772 892 1063 961 Episcopos
1100 891 1602 959 Hagulstadensem‚
1639 888 2086 952 Beverlacensem,

175 976 599 1041 Salfordiensem,
636 976 1115 1045 Liverpolitanum‚
1146 979 1202 1026 et
1236 974 1595 1042 Salopiensem
1628 990 1722 1041 pro
1760 971 1995 1040 collegio
2028 972 2081 1024 S.

176 1061 459 1116 cuthberti
478 1063 536 1114 in
552 1062 791 1114 Dioecesi
817 1061 1235 1129 Hagulstadensi
1262 1061 1389 1120 sito;
1428 1059 1496 1110 ad
1512 1058 1798 1126 Episcopos
1818 1056 2088 1126 Birming-

173 1150 519 1211 hamiensem,
528 1146 1109 1216 Nottinghamiensem‚
1119 1150 1174 1195 et
1189 1145 1243 1196 N
1244 1144 1730 1196 orthantoniensem
1748 1160 1842 1212 pro
1853 1142 2089 1212 Collegio

178 1234 232 1288 S.
258 1234 464 1285 Mariae
487 1234 547 1284 in
573 1231 760 1284 Oscott
783 1233 842 1283 in
866 1230 1108 1282 Dioecesi
1134 1229 1638 1297 Birminghamiensi
1664 1230 1785 1282 sito.
1842 1230 2089 1281 Decerni-

176 1337 296 1371 mus
345 1317 866 1370 administrationem
914 1315 1173 1366 bonorum
1218 1315 1594 1382 temporalium
1636 1314 1752 1366 fieri
1802 1316 1983 1367 debere
2032 1316 2089 1365 in

177 1406 406 1458 solidum
429 1404 604 1472 quoad
628 1404 767 1455 bona
785 1401 1007 1452 mobilia
1032 1404 1089 1451 et
1111 1400 1413 1451 immobilia
1451 1399 1805 1469 Collegiorum
1843 1402 2008 1452 donec
2035 1399 2089 1452 S.

179 1490 336 1543 Sedes
370 1491 494 1558 jura
530 1493 770 1557 separata
804 1486 1136 1554 singulorum
1174 1485 1624 1536 determinaverit.
1699 1485 1782 1536 Ad
1812 1485 1870 1536 id
1906 1488 2090 1535 autem

178 1576 529 1628 obtinendum
580 1573 834 1642 Episcopi
882 1573 941 1623 in
990 1572 1171 1639 aliquo
1219 1588 1284 1622 ex
1328 1571 1498 1622 tribus
1549 1569 1797 1640 Collegiis
1845 1571 2093 1620 interesse

178 1662 432 1713 habentes
475 1661 754 1712 nominent
793 1676 887 1727 pro
927 1658 1125 1709 eodem
1158 1655 1394 1724 Collegio
1431 1673 1600 1707 unum
1635 1655 1720 1707 vel
1745 1660 1851 1706 tres
1875 1655 2091 1705 idoneos

181 1749 316 1798 viros
341 1747 437 1816 qui
461 1750 723 1808 accurate,
748 1749 804 1795 et
828 1747 1044 1795 onerata
1069 1743 1303 1809 ipsorum
1329 1741 1673 1803 conscientia,
1707 1744 1929 1802 statum,
1965 1755 2096 1806 quo-

179 1848 528 1898 rumcumque
551 1831 828 1893 bonorum,
852 1828 1164 1880 reddituum
1195 1830 1251 1877 et
1278 1826 1488 1894 jurium
1521 1825 1708 1894 quovis
1734 1825 1897 1876 titulo
1923 1825 2095 1875 eidem

182 1915 417 1986 Collegio
443 1916 822 1983 spectantium,
848 1918 904 1964 et
927 1913 1102 1964 ubivis
1128 1912 1495 1974 existentium,
1522 1911 1721 1961 additis
1758 1909 1822 1961 de
1860 1909 2096 1977 singulo—

180 2019 299 2053 rum
342 2002 562 2070 origine,
605 2000 982 2062 destinatione,
1026 2002 1082 2049 et
1123 1997 1389 2065 praesenti
1438 1996 1742 2047 conditione
1781 1994 2095 2063 opportunis

181 2087 408 2149 notitiis,
434 2088 576 2137 intra
600 2103 803 2136 annum
829 2084 1081 2146 efficiant,
1107 2087 1163 2134 et
1189 2081 1243 2134 S.
1271 2082 1397 2133 Sedi
1422 2081 1722 2132 exhibeant.

327 2173 377 2222 3.
428 2172 534 2222 Hic
561 2170 864 2223 Conventus
888 2170 1004 2221 fieri
1029 2168 1188 2220 debet
1214 2167 1375 2219 semel
1400 2167 1703 2234 quotannis,
1729 2167 1814 2217 die
1839 2166 1907 2217 ab
1941 2165 2099 2233 Epis-

174 2257 327 2325 ,copis
350 2256 600 2308 interesse
624 2256 962 2319 habentibuS,
987 2255 1048 2305 in
1071 2253 1245 2322 primo
1270 2252 1508 2319 ipsorum
1531 2250 1824 2315 Conventu,
1841 2252 1934 2319 qui
1953 2251 2097 2301 intra

183 2359 383 2392 annum
406 2359 439 2392 a
463 2343 550 2392 die
574 2340 971 2409 approbationis
995 2340 1154 2408 hujus
1181 2337 1381 2406 Synodi
1406 2336 1696 2404 explendus
1731 2339 1830 2399 est,
1854 2337 1913 2386 in
1947 2335 2096 2385 futu-

186 2444 304 2477 rum
331 2427 721 2478 constituenda.

327 2515 378 2563 4.
430 2511 490 2563 Si
514 2512 725 2579 quando
751 2511 920 2580 major
952 2528 1070 2580 pars
1102 2510 1486 2577 Episcoporum
1525 2507 1768 2570 voluerit,
1803 2506 2102 2574 Episcopus

186 2596 493 2649 Ordinarius
511 2597 668 2648 debet
686 2614 970 2648 convocare
996 2596 1285 2663 Episcopos
1310 2597 1518 2662 partem
1536 2593 1791 2643 habentes
1815 2592 1884 2642 ad
1910 2596 2096 2642 tenen-

187 2683 316 2734 dum
341 2682 815 2733 extraordinarium
837 2680 1188 2733 Conventum.

329 2768 379 2818 5.
432 2766 671 2834 Singulis
711 2767 1059 2818 conventibus
1107 2765 1336 2834 praeerit
1386 2762 1693 2815 Ordinarius
1742 2763 1879 2825 loci3
1936 2766 1994 2813 et
2039 2762 2099 2812 in

185 2853 417 2921 paritate
442 2852 810 2922 suffragiorum
833 2852 1003 2920 ipsius
1021 2856 1207 2903 votum
1232 2851 1305 2901 sit
1329 2850 1542 2918 duplex.
1606 2849 1716 2901 Ubi
1732 2849 1868 2900 duae
1883 2853 2101 2899 tantum

187 2939 296 2989 sint
361 2937 653 3001 Dioeceses,
721 2939 766 2989 si
814 2936 1067 3005 Episcopi
1123 2937 1182 2987 in
1240 2951 1402 2986 unam
1451 2935 1730 2986 convenire
1778 2935 2098 2985 sententiam

186 3027 467 3091 nequeant,
491 3024 729 3090 quaestio
753 3024 822 3074 ad
846 3023 1209 3091 Apostolicam
1236 3021 1428 3073 Sedem
1445 3020 1739 3088 judicanda
1764 3020 2042 3070 deferetur.

333 3109 383 3160 6.
435 3107 551 3168 Quo
575 3108 861 3178 vigilantia
884 3112 941 3159 et
967 3109 1045 3159 vis
1070 3124 1204 3175 quae
1234 3123 1299 3158 ex
1316 3107 1526 3157 unitate
1551 3110 1607 3156 et
1622 3106 1920 3173 praesentia
1946 3121 2099 3171 supe-

187 3194 335 3245 rioris
354 3192 625 3261 profluunt
649 3210 924 3262 nunquam
949 3192 1217 3255 deficiant,
1232 3192 1518 3242 auctoritas
1537 3194 1838 3241 constanter
1864 3206 2098 3240 exercea-

188 3284 278 3329 tur
300 3295 392 3346 per
416 3277 755 3330 Ordinarium
779 3279 901 3342 loci,
927 3279 1021 3347 qui
1048 3282 1260 3329 tenetur
1285 3279 1433 3345 sequi
1469 3277 1677 3346 regulas
1713 3277 1773 3327 in
1807 3277 2100 3343 respectivo

183 3362 425 3432 collegio
475 3364 810 3428 constitutas,
870 3369 927 3415 et
975 3365 1184 3415 decreta
1233 3363 1301 3414 ab
1350 3365 1464 3430 ipso
1502 3379 1610 3413 una
1653 3378 1776 3412 cum
1820 3360 2098 3428 Episcopis

190 3449 434 3499 interesse
459 3448 776 3500 habentibus
802 3449 928 3500 lata.
1005 3447 1310 3500 Ordinarius
1348 3451 1530 3497 tamen
1561 3446 1734 3496 nullas
1771 3446 2096 3496 mutationes

190 3538 246 3583 et
270 3549 519 3600 expensas
543 3534 801 3585 notabiles
827 3538 989 3602 atque
1014 3533 1451 3585 extraordinarias
1477 3533 1642 3583 facere
1667 3532 1882 3598 poterit,
1901 3532 2100 3598 absque

190 3633 444 3669 consensu
468 3619 682 3687 majoris
707 3620 873 3686 partis
899 3619 1282 3686 Episcoporum
1307 3618 1711 3685 praedictorum.

335 3703 384 3754 7.
439 3703 516 3753 Ut
539 3704 860 3771 gubernium
887 3703 1242 3773 Collegiorum
1270 3702 1455 3753 stabile
1493 3702 1564 3752 sit
1600 3706 1656 3751 et
1692 3701 1922 3764 firmum,
1948 3701 2098 3751 nulla

192 3788 421 3838 mutatio
461 3788 753 3839 essentialis
791 3788 888 3839 fiat
931 3789 1103 3856 quoad
1142 3786 1365 3854 Collegii
1402 3787 1637 3854 regimen
1672 3791 1727 3836 et
1751 3787 2089 3836 administra—
